@book{Moazami07,
	address = "Bielefeld",
	author = "Schirin Amir-Moazami",
	publisher = "transcript",
	title = "{Politisierte Religion. Der Kopftuchstreit in Deutschland und Frankreich}",
	year = "2007"
}

@incollection{Varela03,
	author = "Nikita Dhawan and Maria {do Mar Castro Varela}",
	booktitle = "{Spricht die Subalterne deutsch? Migration und postkoloniale Kritik}",
	editor = "Hito Steyerl and Encarnaci{{\'o}}n Guti{{\'e}}rrez Rodr\'{\i}guez",
	location = "M{{\"u}}nster",
	pages = "270--290",
	publisher = "Unrast",
	title = "{Postkolonialer Feminismus und die Kunst der Selbstkritik}",
	year = "2003"
}

@incollection{Hauser08,
	author = "Brigitta Hauser-Sch{\"a}ublin",
	booktitle = "{Methoden ethnologischer Feldforschung}",
	editor = "Bettina Beer",
	location = "Berlin",
	publisher = "Reimer",
	title = "{Teilnehmende Beobachtung}",
	year = "2008"
}

@incollection{Schlehe08,
	author = "Judith Schlehe",
	booktitle = "{Methoden ethnologischer Feldforschung}",
	editor = "Bettina Beer",
	location = "Berlin",
	publisher = "Reimer",
	title = "{Formen qualitativer ethnografischer Interviews}",
	year = "2008"
}

@article{Romhild09,
	author = "Matthias Arning",
	date = "2009-10",
	journal = "Frankfurter Rundschau",
	labeldate = "2009",
	title = "{Interview mit Regina R{{\"o}}mhild}",
	url = "http://www.fr-online.de/rhein-main/das-gibt-sicherlich-irritationen/-/1472796/3270124/-/index.html09",
	urldate = "2014-12-18",
	urldate2 = "2016-08-16"
}

@article{turtle,
	author = "{wood turtle}",
	date = "2011-02-11",
	journal = "woodturtle.worldpress. com [Webblog]",
	keywords = "Quellen",
	labeldate = "2011",
	title = "{when hijab is about privilege}",
	url = "http://woodturtle.wordpress.com/2011/02/03/when-hijab-is-about-privilege/4",
	urldate = "2014-12-18",
	urldate2 = "2016-08-16"
}

@incollection{Geiger12,
	author = "Anette Geiger",
	booktitle = "{Mode. Ein kulturwissenschaftlicher Grundriss}",
	editor = "Laura Bieger and Susanne Rohr",
	location = "M{\"u}nchen",
	pages = "91--121",
	publisher = "Wilhelm Fink Verlag",
	title = "{Mode zwischen Anthropologie und {\"A}sthetik}",
	year = "2012"
}

@incollection{Silverman12,
	author = "Kaja Silverman",
	booktitle = "{Mode. Ein kulturwissenschaftlicher Grundriss}",
	editor = "Laura Bieger and Susanne Rohr",
	location = "M{\"u}nchen",
	pages = "143--160",
	publisher = "Wilhelm Fink Verlag",
	title = "{Fragmente eines modischen Diskurses}",
	year = "2012"
}

@book{Gernsheim04,
	address = "Frankfurt/M.",
	author = "Elisabeth Beck-Gernsheim",
	publisher = "Suhrkamp",
	title = "{Wir und die Anderen}",
	year = "2004"
}

@article{turtle2,
	author = "{wood turtle}",
	date = "2012-02-26",
	journal = "woodturtle.worldpress.com [Webblog]",
	keywords = "Quellen",
	labeldate = "2012",
	title = "{how many hijab pins does it take to be pious?}",
	url = "http://woodturtle.wordpress.com/2012/06/26/how-many-hijab-pins-does-it-take-to-be-pious",
	urldate = "2014-12-18",
	urldate2 = "2016-08-16"
}

@article{fatbrown,
	author = "{fat brown hijabis}",
	date = "2013-07-29",
	journal = "fuckyeahfatbrownhijabis.tumblr.com [Webblog]",
	keywords = "Quellen",
	labeldate = "2013",
	title = "{about-the-video-with-the-guy-talking-about-hijab}",
	url = "fuckyeahfatbrownhijabis.tumblr.com/post/56771984327/about-the-video-with-the-guy-talking-about-hijab",
	urldate = "2014-12-18",
	urldate2 = "2016-08-16"
}

@incollection{Bendixen05,
	author = "{Synn{\o}ve} Bendixsen",
	booktitle = "{Hotel Berlin. Formen urbaner Mobilit{{\"a}}t und Verortung}",
	editor = "Alexa F{{\"a}}rber",
	publisher = "M{{\"u}}nster ; Hamburg ; Berlin ; London : Lit",
	title = "{Being Young, Muslim and Female. Creating Space of Belonging in Berlin}",
	year = "2005"
}

@book{Biel03,
	address = "Bielefeld",
	author = "Heiner Bielefeldt",
	publisher = "transcript",
	title = "{Muslime im s{{\"a}}kularen Rechtsstaat. Integrationschancen durch Religionsfreiheit}",
	year = "2003"
}

@incollection{Rasche12,
	author = "Adelheid Rasche",
	booktitle = "{R{\"a}ume der Mode}",
	editor = "Gertrud Lehnert",
	location = "M{\"u}nchen",
	pages = "115--122",
	publisher = "Wilhelm Fink Verlag",
	title = "{Von Sprach- und Bildr{\"a}umen: Mode in Text- und Bildquellen}",
	year = "2012"
}

@incollection{Mentges12,
	author = "Gabriele Mentges",
	booktitle = "{R{\"a}ume der Mode}",
	editor = "Gertrud Lehnert",
	location = "M{\"u}nchen",
	pages = "133--154",
	publisher = "Wilhelm Fink Verlag",
	title = "{Urbane Landschaften im Modebild}",
	year = "2012"
}

@incollection{Leutner12,
	author = "Petra Leutner",
	booktitle = "{R{\"a}ume der Mode}",
	editor = "Gertrud Lehnert",
	location = "M{\"u}nchen",
	pages = "235--251",
	publisher = "Wilhelm Fink Verlag",
	title = "{Die unheimlichen R{\"a}ume des Rockes}",
	year = "2012"
}

@book{Bourgois95,
	address = "Cambridge",
	author = "Philippe Bourgois",
	publisher = "Univ. Press",
	title = "{In Search of Respect. Selling Crack in El Barrio}",
	year = "1995"
}

@incollection{Lehnert12a,
	author = "Gertrud Lehnert",
	booktitle = "{R{\"a}ume der Mode}",
	editor = "Gertrud Lehnert",
	location = "M{\"u}nchen",
	pages = "261--287",
	publisher = "Wilhelm Fink Verlag",
	title = "{Th{\'e}{\^a}tre(s) de la mode: Moder{\"a}ume und Modepuppen}",
	year = "2012"
}

@article{Sandikci07,
	author = "{\"O}zlem {Sand{\i}kc{\i}} and G{\"u}liz Ger",
	date = "2007-04",
	editor = "Emma Tarlo and Annelies Moors",
	journal = "Fashion Theory: The Journal of Dress, Body \& Culture",
	labeldate = "2007",
	number = "2/3",
	pages = "189--210",
	title = "{Constructing and Representing the Islamic Consumer in Turkey}",
	volume = "11"
}

@book{Braun07,
	address = "Berlin",
	author = "Christina {von Braun} and Bettina Mathes",
	publisher = "aufbau",
	title = "{Verschleierte Wirklichkeit. Die Frau, der Islam und der Westen}",
	year = "2007"
}

@incollection{Caraglio98,
	address = "Dortmund",
	author = "Martine Caraglio",
	booktitle = "{Mode, Weiblichkeit und Modernit{{\"a}}t}",
	editor = "Gertrud Lehnert",
	pages = "266--279",
	publisher = "edition ebersbach",
	title = "{Kleider machen Lesben}",
	year = "1998"
}

@article{Wulff,
	author = "Matthias Schlegel",
	date = "2010-10-03",
	journal = "Tagesspiegel.de",
	labeldate = "2010",
	title = "{Wulff: Islam geh{{\"o}}rt zu Deutschland}",
	url = "http://www.tagesspiegel.de/politik/wulff-islam-gehoert-zu-deutschland/1948760.html",
	urldate = "2014-12-18"
}

@incollection{Galeotti00,
	address = "Frankfurt/M.",
	author = "Anna Elisabeth Galeotti",
	booktitle = "{Toleranz. Philosophische Grundlagen und gesellschaftliche Praxis einer umstrittenen Tugend}",
	editor = "Rainer Forst",
	pages = "231--256",
	publisher = "Campus",
	title = "{Zu einer Neubegr{{\"u}}ndung der \enquote{Affaire du foulard}}",
	year = "2000"
}

@incollection{Gole04,
	address = "Bielefeld",
	author = "Nil{{\"u}}fer G{{\"o}}le",
	booktitle = "{Islam in Sicht. Der Auftritt von Muslimen im {{\"o}}ffentlichen Raum}",
	editor = "Nil{{\"u}}fer G{{\"o}}le and Ludwig Amman",
	pages = "11--44",
	publisher = "transcript",
	title = "{Die sichtbare Pr{{\"a}}senz des Islam und die Grenzen der {{\"O}}ffentlichkeit}",
	year = "2004"
}

@book{Gole08,
	address = "Berlin",
	author = "Nil{{\"u}}fer G{{\"o}}le",
	publisher = "Wagenbach",
	title = "{Anverwandlungen. Der Islam in Europa zwischen Kopftuchverbot und Extremismus}",
	year = "2008"
}

@book{Hall94,
	address = "Hamburg",
	author = "Stuart Hall",
	publisher = "Argument-Verlag",
	title = "{Rassismus und kulturelle Identit{{\"a}}t. Ausgew{{\"a}}hlte Schriften 2}",
	year = "1994"
}

@article{Hoglinger04,
	author = "Monika H{{\"o}}glinger",
	journal = "Kuckuck - Notizen zur Alltagskultur",
	labeldate = "2004",
	number = "2",
	title = "{Verschleierter Widerstand}",
	url = "http://www.uni-graz.at/kuckuck/ku/index.php?option=com_content&view=article&id=63:leseprobe&catid=41:widerstand-0204&Itemid=56",
	urldate = "2014-12-18",
	urldate2 = "2016-08-16"
}

@book{Hoglinger02,
	address = "Wien",
	author = "Monika H{{\"o}}glinger",
	publisher = "Edition Roesner",
	title = "{Verschleierte Lebenswelten. Zur Bedeutung des Kopftuchs f{{\"u}}r muslimische Frauen}",
	year = "2002"
}

@book{Jessen06,
	address = "Berlin",
	author = "Frank Jessen and Ulrich von Wilamowitz-Moellendorff",
	publisher = "Sankt Augustin: Konrad-Adenauer-Stiftung",
	title = "{Das Kopftuch - die Entschleierung eines Symbols?}",
	year = "2006"
}

@book{Karaka05,
	address = "M{{\"u}}nster, M{{\"u}}nchen u.a.",
	author = "Yasemin {Karaka\c so\v glu} and Ursula Boos-N{{\"u}}nning",
	publisher = "Waxmann Verlag",
	title = "{Viele Welten leben. Zur Lebenssituation von M{{\"a}}dchen und jungen Frauen mit Migrationshintergrund}",
	year = "2005"
}

@book{Kepel94,
	address = "M{{\"u}}nchen, Z{{\"u}}rich",
	author = "Gilles Kepel",
	publisher = "Piper",
	title = "{Die Rache Gottes: radikale Moslems, Christen und Juden auf dem Vormarsch}",
	year = "1994"
}

@incollection{Kubilay09,
	address = "Essen",
	author = "Saliha Kubilay",
	booktitle = "{Parallelgesellschaften. Diskursanalysen zur Dramatisierung von Migration}",
	editor = "Werner K{{\"o}}ster",
	pages = "201--224",
	publisher = "Klartext Verlag",
	title = "{Vorsicht Kopftuch! Von der unscheinbaren Muslimin zum \enquote{Eye-Catcher}}",
	year = "2009"
}

@incollection{Lehnert98,
	address = "Dortmund",
	author = "Gertrud Lehnert",
	booktitle = "{Mode, Weiblichkeit und Modernit{{\"a}}t}",
	editor = "Gertrud Lehnert",
	pages = "7--19",
	publisher = "edition ebersbach",
	title = "{Mode, Weiblichkeit und Modernit{{\"a}}t}",
	year = "1998"
}

@incollection{Mehlem94,
	address = "Hamburg",
	author = "Detlef Mehlem",
	bookauthor = "Stuart Hall",
	booktitle = "{Rassismus und kulturelle Identit{{\"a}}t. Ausgew{{\"a}}hlte Schriften 2}",
	publisher = "Argument-Verlag",
	title = "{Einleitung}",
	year = "1994"
}

@book{Nokel02,
	address = "Bielefeld",
	author = "Sigrid N{{\"o}}kel",
	publisher = "transcript",
	title = "{Die T{{\"o}}chter der Gastarbeiter und der Islam. Zur Soziologie alltagsweltlicher Annerkennungspolitiken}",
	year = "2002"
}

@article{Saroyan08,
	author = "Sonya Saroyan",
	location = "M{{\"u}}nchen",
	title = "{Kopftuchstudien in Deutschland - Ein Literaturbericht}",
	url = "http://www.dji.de/bibs/15_8751_Die_Kopftuch_Studien_Saroyan_end.pdf",
	urldate = "2014-12-18",
	urldate2 = "2016-08-16",
	year = "2008"
}

@book{Schieder00,
	address = "Frankfurt/M.",
	author = "Rolf Schieder",
	publisher = "edition suhrkamp",
	title = "{Wieviel Religion vertr{{\"a}}gt Deutschland?}",
	year = "2000"
}

@book{Spuler98,
	address = "Freiburg im Breisgau, Basel, Wien",
	author = "Ursula Spuler-Stegemann",
	publisher = "Herder",
	title = "{Muslime in Deutschland: nebeneinander oder miteinander?}",
	year = "1998"
}

@book{Tibi02,
	address = "M{{\"u}}nchen",
	author = "Bassam Tibi",
	publisher = "Beck",
	title = "{Die fundamentalistische Herausforderung: der Islam und die Weltpolitik}",
	year = "2002"
}

@book{Berghahn09,
	address = "Bielefeld",
	editor = "Sabine Berghahn and Petra Rostock",
	publisher = "transcript",
	title = "{Der Stoff, aus dem Konflikte sind: Debatten um das Kopftuch in Deutschland, {{\"O}}sterreich und der Schweiz}",
	year = "2009"
}

@mastersthesis{Kanitz10,
	address = "Berlin",
	author = "Juliane Kanitz",
	school = "Humboldt-Universit{{\"a}}t",
	title = "{Der Kopftuchcode. Kleidung und Identit{{\"a}}t im heutigen Damaskus}",
	year = "2010"
}

@incollection{Tietze04,
	address = "Bielefeld",
	author = "Nikola Tietze",
	booktitle = "{Islam in Sicht. Der Auftritt von Muslimen im {{\"o}}ffentlichen Raum}",
	editor = "Nil{{\"u}}fer G{{\"o}}le",
	pages = "239--264",
	publisher = "transcript",
	title = "{Formen der Religiosit{{\"a}}t junger m{{\"a}}nnlicher Muslime}",
	year = "2004"
}

@incollection{Nokel04,
	address = "Bielefeld",
	author = "Sigrid N{{\"o}}kel",
	booktitle = "{Islam in Sicht. Der Auftritt von Muslimen im {{\"o}}ffentlichen Raum}",
	editor = "Nil{{\"u}}fer G{{\"o}}le and Ludwig Amman",
	pages = "283--308",
	publisher = "transcript",
	title = "{Muslimische Frauen und {{\"o}}ffentliche R{{\"a}}ume}",
	year = "2004"
}

@article{Moazami02,
	author = "Armando Salvatore and Schirin Amir-Moazami",
	journal = "Berliner Journal f{{\"u}}r Soziologie",
	number = "12",
	pages = "309--338",
	title = "{Religi{{\"o}}se Diskurstraditionen: Zur Transformation des Islam in kolonialen, postkolonialen und europ{{\"a}}ischen {{\"O}}ffentlichkeiten}",
	year = "2002"
}

@book{Knieps93,
	author = "Claudia Knieps",
	location = "W{{\"u}}rzburg",
	publisher = "Ergon",
	title = "{Geschichte der Verschleierung der Frau im Islam}",
	year = "1993"
}

@book{Ahmed92,
	author = "Leila Ahmed",
	location = "New Haven and London",
	publisher = "Yale University Press",
	title = "{Women and Gender in Islam}",
	year = "1992"
}

@article{Fricke11,
	author = "Alfons Fricke",
	date = "2008-03-15",
	journal = "Faz.net",
	labeldate = "2008",
	title = "{Araberinnen kleiden sich superperfekt}",
	url = "http://www.faz.net/-00njdr",
	urldate = "2014-12-18"
}

@article{Perlitus05,
	author = "Claudia Perlitius",
	date = "2005-05-30",
	journal = "Forum Recht Online",
	labeldate = "2005",
	number = "03",
	pages = "93--95",
	title = "{\enquote{Sie sprechen aber gut deutsch!} Auf den Spuren des \enquote{banalen} Rassismus}",
	url = "http://www.forum-recht-online.de/2005/305/305perlitius.htm",
	urldate = "2014-12-18"
}

@book{Said09,
	author = "Edward Said",
	location = "Frankfurt am Main",
	publisher = "S. Fischer Verlag",
	title = "{Orientalismus}",
	year = "2009 [1978]"
}

@book{Appadurai96,
	author = "Arjun Appadurai",
	location = "Minneapolis",
	publisher = "Univ. of Minnesota Press",
	title = "{Modernity at Large}",
	year = "1996"
}

@incollection{SchmidtLauber07,
	author = "Brigitta Schmidt-Lauber",
	booktitle = "{Ethnizit{{\"a}}t und Migration}",
	editor = "Brigitta Schmidt-Lauber",
	location = "Berlin",
	pages = "7--27",
	publisher = "Reimer",
	title = "{Ethnizit{{\"a}}t und Migration als ethnologische For\-schungs- und Praxisfelder. Eine Einf{{\"u}}hrung}",
	year = "2007"
}

@incollection{Sokefeld07,
	author = "Martin S{{\"o}}kefeld",
	booktitle = "{Ethnizit{{\"a}}t und Migration}",
	editor = "Brigitta Schmidt-Lauber",
	location = "Berlin",
	pages = "31--50",
	publisher = "Reimer",
	title = "{Problematische Begriffe: \enquote{Ethnizit{{\"a}}t}, \enquote{Rasse}, \enquote{Kultur}, \enquote{Minderheit}}",
	year = "2007"
}

@booklet{Kroker08,
	author = "Dr. Sabine Kroker-Stille and Sina Bittar",
	institution = "Landesstelle f{{\"u}}r Gleichbehandlung - gegen Diskriminierung Berlin",
	location = "Berlin",
	title = "{Mit Kopftuch au{{\ss}}en vor?}",
	url = "http://www.serap-cileli.de/kopftuch_broschuere-berlin-08.pdf",
	urldate = "2014-12-18",
	year = "2008"
}

@article{Beikler08,
	author = "Sabine Beikler",
	date = "2008-02-08",
	journal = "Tagesspiegel.de",
	labeldate = "2008",
	title = "{Religi{{\"o}}se Symbole. K{{\"o}}rting: Lockerung des Kopftuch-Verbots ist m{{\"o}}glich}",
	url = "http://www.tagesspiegel.de/berlin/koerting-lockerung-des-kopftuch-verbots-ist-moeglich/1161540.html",
	urldate = "2014-12-18"
}

@article{Antimuslimismus10,
	author = "Armin Pfahl-Traughber",
	date = "2010-09-19",
	journal = "taz.de",
	labeldate = "2010",
	title = "{Das reine Ressentiment. Kommentar}",
	url = "http://www.taz.de/!58544",
	urldate = "2014-12-18"
}

@article{Karakayali07,
	author = "Serhat Karakayal{\i}",
	date = "2007-11-18",
	journal = "heimatkunde.boell.de",
	labeldate = "2007",
	title = "{Ambivalente Integration}",
	url = "http://www.migration-boell.de/web/integration/47_1366.asp",
	urldate = "2014-12-18"
}

@article{Ha06,
	author = "{Kien Nghi} Ha and Markus Schmitz",
	date = "2006-08-18",
	journal = "ak - analyse \& kritik - zeitung f{{\"u}}r linke Debatte und Praxis",
	labeldate = "2006",
	number = "508",
	title = "{Das Recht nicht derma{{\ss}}en integriert zu werden. Integrationspolitik und postkoloniale Kritik}",
	url = "http://www.akweb.de/ak_s/ak508/10.htm",
	urldate = "2014-12-18"
}

@incollection{Feischmidt07,
	author = "Margit Feischmidt",
	booktitle = "{Ethnizit{{\"a}}t und Migration}",
	editor = "Brigitta Schmidt-Lauber",
	location = "Berlin",
	pages = "51--68",
	publisher = "Reimer",
	title = "{Ethnizit{{\"a}}t - Perpektiven und Konzepte der ethnologischen Forschung}",
	year = "2007"
}

@incollection{Oltmer07,
	author = "Jochen Oltmer",
	booktitle = "{Ethnizit{{\"a}}t und Migration}",
	editor = "Brigitta Schmidt-Lauber",
	location = "Berlin",
	pages = "135--154",
	publisher = "Reimer",
	title = "{Staat, Nation und Migration. Zur politischen Konstruktion von Minderheiten in der deutschen Geschichte}",
	year = "2007"
}

@incollection{Darieva07,
	author = "Tsypylma Darieva",
	booktitle = "{Ethnizit{{\"a}}t und Migration}",
	editor = "Brigitta Schmidt-Lauber",
	location = "Berlin",
	pages = "69--93",
	publisher = "Reimer",
	title = "{Migrationsforschung in der Ethnologie}",
	year = "2007"
}

@article{KritNet11,
	date = "2010-09-30",
	journal = "KritNet",
	labeldate = "2011",
	title = "{Demokratie statt Integration}",
	url = "http://www.demokratie-statt-integration.kritnet.org",
	urldate = "2014-12-18",
	urldate2 = "2016-08-16"
}

@article{Foroutan12,
	author = "Naika Foroutan and Tim M{{\"u}}ller and Coskun Canan and Rafael Sollorz",
	date = "2012-03-01",
	journal = "Migazin.de",
	labeldate = "2012",
	localfile = "Dokumente/Aktuelle_Projekte/Promotion/Literatur/Stellungnahme-zur-Studie-Lebenswelten-junger-Muslime-in-Deutschland-Foroutan-HU.pdf",
	location = "Berlin",
	title = "{Stellungnahme zur Studie \enquote{Lebenswelten junger Muslime in Deutschland}}",
	url = "http://www.migazin.de/wp-content/uploads/2012/03/Stellungnahme-zur-Studie-Lebenswelten-junger-Muslime-in-Deutschland-Foroutan-HU.pdf",
	urldate = "2014-12-18",
	urldate2 = "2016-08-16"
}

@booklet{Frindte12,
	author = "Wolfgang Frindte and K. Boehnke and H. Kreikenbom and W. Wagner",
	editor = "Bundesministerium dem des Inneren",
	localfile = "junge_muslime_integrationsstudie.pdf",
	title = "{Lebenswelten junger Muslime in Deutschland}",
	url = "http://www.bmi.bund.de/SharedDocs/Downloads/DE/Broschueren/2012/junge_muslime.html?nn=109628",
	urldate = "2014-12-18",
	year = "2012"
}

@incollection{Hannerz07,
	author = "Ulf Hannerz",
	booktitle = "{Ethnizit{{\"a}}t und Migration}",
	editor = "Brigitta Schmidt-Lauber",
	location = "Berlin",
	pages = "94--113",
	publisher = "Reimer",
	title = "{Das Lokale und das Globale}",
	year = "2007"
}

@incollection{Welz07,
	author = "Gisela Welz",
	booktitle = "{Ethnizit{{\"a}}t und Migration}",
	editor = "Brigitta Schmidt-Lauber",
	location = "Berlin",
	pages = "221--233",
	publisher = "Reimer",
	title = "{Inszenierungen der Multikulturalit{{\"a}}t}",
	year = "2007"
}

@incollection{Drackle07,
	author = "Dorle Drackl{{\'e}}",
	booktitle = "{Ethnizit{{\"a}}t und Migration}",
	editor = "Brigitta Schmidt-Lauber",
	location = "Berlin",
	pages = "195--220",
	publisher = "Reimer",
	title = "{Jenseits von Verbinden und Trennen: Migration und Medien}",
	year = "2007"
}

@incollection{Roemhild07,
	author = "Regina R{{\"o}}mhild",
	booktitle = "{Ethnizit{{\"a}}t und Migration}",
	editor = "Brigitta Schmidt-Lauber",
	location = "Berlin",
	pages = "157--177",
	publisher = "Reimer",
	title = "{Fremdzuschreibungen - Selbstpositionierungen. Die Praxis der Ethnisierung im Alltag der Einwanderungsgesellschaft}",
	year = "2007"
}

@incollection{Nokel99,
	author = "Sigrid N{{\"o}}kel",
	booktitle = "{Der neue Islam der Frauen. Weibliche Lebenspraxis aus der globalisierten Moderne - Fallstudien aus Afrika, Asien und Europa}",
	editor = "Ruth Klein-Hessling and Sigrid N{{\"o}}kel and Karin Werner",
	location = "Bielefeld",
	pages = "124--146",
	publisher = "Reimer",
	title = "{Islam und Selbstbehauptung - Alltagsweltliche Strategien junger Frauen in Deutschland}",
	year = "1999"
}

@article{Tarlo07,
	author = "Emma Tarlo and Annelies Moors",
	date = "2007-04",
	editor = "Emma Tarlo and Annelies Moors",
	journal = "Fashion Theory: The Journal of Dress, Body \& Culture",
	labeldate = "2007",
	number = "2/3",
	pages = "133--142",
	title = "{Introduction}",
	volume = "11"
}

@book{Basch97,
	author = "Linda Basch and Nina {Glick Schiller} and Christina {Szanton Blanc}",
	location = "Amsterdam",
	publisher = "Gordon and Breach",
	title = "{Nations Unbound: Transnational Projects, Postcolonial Predicaments and Deterritorialized Nation-states}",
	year = "1997"
}

@incollection{Appadurai00,
	author = "Arjun Appadurai",
	booktitle = "{Globalization}",
	location = "Durham",
	pages = "113--128",
	publisher = "Duke University Press",
	title = "{Grassroots Globalization and the Research Imagination}",
	year = "2002"
}

@article{Marcus95,
	author = "George E. Marcus",
	date = "1995-10",
	journal = "Annual Review of Anthropology",
	labeldate = "1995",
	pages = "95--117",
	title = "{Ethnography In/Of the World System. The Emergence of Multi-Sited Ethnography}",
	volume = "Bd. 24"
}

@incollection{Hess07,
	author = "Sabine Hess",
	booktitle = "{Ethnizit{{\"a}}t und Migration}",
	editor = "Brigitta Schmidt-Lauber",
	location = "New York",
	publisher = "Reimer",
	title = "{Transnationalisierung und die Demystifizierung des Lokalen}",
	year = "2007"
}

@book{Hannerz96,
	author = "Ulf Hannerz",
	location = "London, New York",
	publisher = "Routledge",
	title = "{Transnational Connections. Culture, People, Places}",
	year = "1996"
}

@book{Gole95,
	author = "Nil{{\"u}}fer G{{\"o}}le",
	location = "Berlin",
	publisher = "Babel",
	title = "{Republik und Schleier. Die muslimische Frau in der modernen T{{\"u}}rkei}",
	year = "1995"
}

@incollection{Lughod91,
	author = "Lila Abu-Lughod",
	booktitle = "{Anthropology in Theory. Issue in Epistemology}",
	editor = "Henrietta L. Moore and Todd Sanders",
	location = "Malden",
	note = "Reprint from 1991",
	pages = "466--479",
	publisher = "Blackwell",
	series = "{}",
	title = "{Writing Against Culture}",
	year = "2005"
}

@book{McRobbie99,
	address = "New York",
	author = "Angela McRobbie",
	publisher = "Routledge",
	title = "{In the Culture Society. Art, Fashion and Popular Music}",
	year = "1999"
}

@book{Ebner07,
	address = "Bielefeld",
	author = "Claudia C. Ebner",
	publisher = "transcript",
	title = "{Kleidung ver{{\"a}}ndert. Mode im Kreislauf der Kultur}",
	year = "2007"
}

@book{Koenig85,
	address = "Hamburg",
	author = "Rene K{{\"o}}nig",
	publisher = "Hanser",
	title = "{Menschheit am Laufsteg. Die Mode im Zivilisationsprozess}",
	year = "1985"
}

@incollection{Flugel86,
	address = "Frankfurt/M.",
	author = "J.C. Fl{{\"u}}gel",
	booktitle = "{Die Listen der Mode}",
	editor = "Silvia Bovenschen",
	publisher = "Suhrkamp",
	title = "{Psychologie der Kleidung}",
	year = "1986"
}

@incollection{Barker01,
	address = "Oxford, New York",
	author = "Eileen Barker",
	booktitle = "{Dressed to Impress. Looking the Part}",
	chapter = "2",
	editor = "William J.F. Keenan",
	pages = "51--68",
	publisher = "Berg",
	series = "{Dress, Body, Culture}",
	title = "{A Comparative Exploration of Dress and the Presentation of Self as Implicit Religion}",
	year = "2001"
}

@incollection{Brown01,
	address = "Oxford, New York",
	author = "Malcolm D. Brown",
	booktitle = "{Dressed to Impress. Looking the Part}",
	chapter = "5",
	editor = "William J.F. Keenan",
	pages = "105--122",
	publisher = "Berg",
	series = "{Dress, Body, Culture}",
	title = "{Multiple Meanings of the Hijab in Contemporary France}",
	year = "2001"
}

@incollection{Davies01,
	address = "Oxford, New York",
	author = "Douglas J. Davies",
	booktitle = "{Dressed to Impress. Looking the Part}",
	chapter = "6",
	editor = "William J.F. Keenan",
	pages = "123--140",
	publisher = "Berg",
	series = "{Dress, Body, Culture}",
	title = "{Gestus Manifests Habitus: Dress and the Mormon}",
	year = "2001"
}

@book{Beauty99,
	author = "Kate Mulvey and Melissa Richards",
	location = "Berlin",
	publisher = "Ullstein",
	title = "{Beauty \& Mode : (Jahrzehnte der Sch{{\"o}}nheit . liegen im Auge . des Betrachters ; bekannte Gesichter, Film \& Medien, Mode, Haar \& H{{\"u}}te, Kosmetik, Formen \& Dessous, Arbeit \& Spiel)}",
	year = "1999"
}

@book{Tarlo10,
	address = "Oxford, New York",
	author = "Emma Tarlo",
	publisher = "Berg",
	title = "{Visibly Muslim. Fashion, Politics, Faith}",
	year = "2010"
}

@book{Dugay97,
	author = "Paul {Du Gay} and Stuart Hall and Linda Janes and Hugh Mackay and Keith Negus",
	location = "London",
	publisher = "Sage",
	title = "{Doing Cultural Studies. The Story of the Sony Walkman}",
	year = "1997"
}

@book{Hepp04,
	author = "Andreas Hepp",
	location = "Wiesbaden",
	publisher = "VS",
	title = "{Cultural studies und Medienanalyse. Eine Einf{{\"u}}hrung}",
	year = "2004"
}

@article{Luthi05,
	author = "Barbara L{{\"u}}thi",
	date = "2005-04-13",
	journal = "H-Soz-u-Kult",
	labeldate = "2005",
	title = "{Transnationale Migration - Eine vielversprechende Perspektive?}",
	url = "http://hsozkult.geschichte.hu-berlin.de/forum/2005-04-003",
	urldate = "2014-12-18"
}

@book{Wimmer02,
	author = "Andreas Wimmer",
	isbn = "9780521011853",
	lccn = "00105248",
	location = "Cambridge",
	publisher = "University Press",
	title = "{Nationalist Exclusion and Ethnic Conflict: Shadows of Modernity}",
	year = "2002"
}

@book{Foucault94,
	author = "Michel Foucault",
	location = "Frankfurt am Main",
	publisher = "Suhrkamp",
	title = "{{{\"U}}berwachen und Strafen: Die Geburt des Gef{{\"a}}ngnisses}",
	year = "1994"
}

@book{Park25,
	address = "Chicago",
	author = "Robert E. Park and Ernest W. Burgess and R. D. McKenzie",
	publisher = "University of Chicago Press",
	title = "{The City: Suggestions for Investigation of Human Behavior in the Urban Environment}",
	year = "1967 [1925]"
}

@book{Berchem11,
	author = "David J. Berchem",
	location = "Bielefeld",
	publisher = "transcript",
	series = "{Kultur und soziale Praxis}",
	title = "{Wanderer zwischen den Kulturen: Ethnizit{{\"a}}t deutscher Migranten in Australien zwischen Hybridit{{\"a}}t, Transkulturation und Identit{{\"a}}tskoh{{\"a}}sion}",
	year = "2011"
}

@book{Brettell00,
	author = "Caroline Brettell and James F. Hollifield",
	lccn = "99087915",
	location = "New York",
	publisher = "Routledge",
	series = "{Political science / Anthropology / History}",
	title = "{Migration Theory: Talking Across Disciplines}",
	year = "2000"
}

@article{Wimmer03,
	author = "Andreas Wimmer and Nina {Glick Schiller}",
	date = "2003",
	issue = "summer",
	journal = "International Migration Review",
	labeldate = "2003",
	number = "3",
	pages = "576--609",
	title = "{Methodological Nationalism, the Social Sciences, and the Study of Migration: An Essay in Historical Epistemology}",
	volume = "37"
}

@article{Gauck,
	author = "Veit Medick",
	date = "2012-05-31",
	journal = "Spiegel Online",
	labeldate = "2012",
	title = "{Gauck distanziert sich von Wulffs Islam-Rede}",
	url = "http://www.spiegel.de/politik/deutschland/integration-gauck-distanziert-sich-von-wulffs-islam-rede-a-836241.html",
	urldate = "2014-12-18"
}

@incollection{DWB,
	author = "Jacob Grimm and Wilhelm Grimm",
	booktitle = "{Deutsches W{{\"o}}rterbuch}",
	location = "Leipzig",
	title = "{Eintrag: Nation}",
	url = "http://dwb.uni-trier.de",
	urldate = "2014-12-18",
	volume = "13",
	year = "1854--1960"
}

@book{Terkessidis04,
	author = "Mark Terkessidis",
	isbn = "9783899422634",
	lccn = "2005355489",
	publisher = "transcript",
	series = "{Kultur und soziale Praxis}",
	title = "{Die Banalit{{\"a}}t des Rassismus: Migranten zweiter Generation entwickeln eine neue Perspektive}",
	year = "2004"
}

@book{Rommelspacher98,
	author = "Birgit Rommelspacher",
	isbn = "9783929823295",
	publisher = "Orlanda Frauenverlag",
	title = "{Dominanzkultur: Texte zu Fremdheit und Macht}",
	year = "1998"
}

@book{Gomolla02,
	author = "Mechtild Gomolla and Frank-Olaf Radtke",
	location = "Opladen",
	publisher = "Leske + Budrich",
	title = "{Institutionelle Diskriminierung: Die Herstellung ethnischer Differenz in der Schule}",
	year = "2002"
}

@manual{UrteilBeschneidung12,
	date = "2012-05-07",
	editor = "Landgericht K{\"o}ln",
	journal = "justiz.nrw.de",
	labeldate = "2012",
	title = "{Urteil des Landesgerichts K{{\"o}}ln}",
	url = "http://www.justiz.nrw.de/nrwe/lgs/koeln/lg_koeln/j2012/151_Ns_169_11_Urteil_20120507.html",
	urldate = "2014-12-18"
}

@article{Beschluss12,
	author = "Jan Eisel",
	date = "2012-06-19",
	editor = "{Deutscher Bundestag}",
	journal = "Bundestag.de",
	labeldate = "2012",
	title = "{Die Beschl{{\"u}}sse des Bundestages vom 19. Juli 2012}",
	url = "http://www.bundestag.de/dokumente/textarchiv/2012/39861243_kw29_angenommen_abgelehnt/index.html",
	urldate = "2014-12-18"
}

@article{Hengst12,
	author = "Bj{{\"o}}rn Hengst",
	date = "2012-07",
	journal = "Spiegel Online",
	labeldate = "2012",
	title = "{Beschneidungsverbot entzweit Deutsche}",
	url = "http://www.spiegel.de/politik/deutschland/umfrage-beschneidungsverbot-entzweit-deutsche-a-845208.html",
	urldate = "2014-12-18"
}

@book{Schiller92,
	author = "Nina {Glick Schiller} and Linda Basch and Christina {Szanton Blanc}",
	location = "New York",
	publisher = "New York Academy of Sciences",
	title = "{Towards a transnational perspective on migration: race, class, ethnicity, and nationalism reconsidered}",
	year = "1992"
}

@incollection{Bade11,
	author = "Klaus J. Bade and Jochen Oltmer",
	booktitle = "{Enzyklop{{\"a}}die Migration in Europa: vom 17. Jahrhundert bis zur Gegenwart}",
	editor = "Klaus J. Bade and Corrie van Eijl and Marlou Schrover",
	location = "Paderborn, M{\"u}nchen u.a.",
	publisher = "Sch{{\"o}}ningh",
	title = "{Mitteleuropa, Deutschland}",
	year = "2007"
}

@book{Ramadan01,
	author = "Tariq Ramadan",
	location = "Marburg",
	publisher = "MSV",
	title = "{Muslimsein in Europa : Untersuchung der islamischen Quellen im europ{\"a}ischen Kontext}",
	year = "2001"
}

@incollection{Ehmann10,
	author = "Ehmann",
	booktitle = "{Die Rolle der Religion im Integrationsprozess. Die deutsche Islamdebatte}",
	editor = "B{{\"u}}lent Ucar",
	location = "Frankfurt am Main",
	pages = "15--38",
	publisher = "Peter Lang",
	series = "{Reihe f{{\"u}}r Osnabr{{\"u}}cker Islamstudien}",
	title = "{Islam und christliche Theologie in Deutschland - Streiflichter eines noch ungekl{{\"a}}rten Verh{{\"a}}ltnisses von Luther bis ins 19. Jahrhundert}",
	year = "2010"
}

@incollection{Attia10,
	author = "Iman Attia",
	booktitle = "{Die Rolle der Religion im Integrationsprozess. Die deutsche Islamdebatte}",
	editor = "B{{\"u}}lent Ucar",
	location = "Frankfurt am Main",
	pages = "113--126",
	publisher = "Peter Lang",
	series = "{Reihe f{{\"u}}r Osnabr{{\"u}}cker Islamstudien}",
	title = "{Islamkritik zwischen Orientalismus, Postkolonialismus und Postnationalsozialismus}",
	year = "2010"
}

@incollection{Elvert10,
	author = "Frederick Elvert",
	booktitle = "{Die Rolle der Religion im Integrationsprozess. Die deutsche Islamdebatte}",
	editor = "B{{\"u}}lent Ucar",
	location = "Frankfurt am Main",
	pages = "159--172",
	publisher = "Peter Lang",
	series = "{Reihe f{{\"u}}r Osnabr{{\"u}}cker Islamstudien}",
	title = "{Intime Feinde -- Muslimische Islamkritiker und die Integrationsdebatte}",
	year = "2010"
}

@book{Rommelspacher02,
	author = "Birgit Rommelspacher",
	location = "Frankfurt am Main",
	publisher = "Campus",
	title = "{Anerkennung und Ausgrenzung. Deutschland als multikulturelle Gesellschaft}",
	year = "2002"
}

@incollection{Karakayali10,
	author = "Serhat Karakayal{\i}",
	booktitle = "{Die Rolle der Religion im Integrationsprozess. Die deutsche Islamdebatte}",
	editor = "B{{\"u}}lent Ucar",
	location = "Frankfurt am Main",
	pages = "173--184",
	publisher = "Peter Lang",
	series = "{Reihe f{{\"u}}r Osnabr{{\"u}}cker Islamstudien}",
	title = "{Zur \enquote{Islamisierung} der Einwanderungsdebatte}",
	year = "2010"
}

@incollection{Shooman10,
	author = "Yasemin Shooman",
	booktitle = "{Die Rolle der Religion im Integrationsprozess. Die deutsche Islamdebatte}",
	editor = "B{{\"u}}lent Ucar",
	location = "Frankfurt am Main",
	pages = "247--260",
	publisher = "Peter Lang",
	series = "{Reihe f{{\"u}}r Osnabr{{\"u}}cker Islamstudien}",
	title = "{Selbst- und Fremdbilder in der medialen Rezeption der Deutschen Islam Konferenz: Eine Fallstudie zu den Tageszeitungen \textit{FAZ} und \textit{DIE WELT}}",
	year = "2010"
}

@incollection{Rommelspacher09,
	address = "Bielefeld",
	author = "Birgit Rommelspacher",
	booktitle = "{Der Stoff, aus dem Konflikte sind : Debatten um das Kopftuch in Deutschland, {{\"O}}sterreich und der Schweiz}",
	editor = "Sabine Berghahn and Petra Rostock",
	pages = "395--412",
	publisher = "transcript",
	title = "{Feminismus und kulturelle Dominanz}",
	year = "2009"
}

@incollection{Gencer10,
	author = "Mustafa Gencer",
	booktitle = "{Die Rolle der Religion im Integrationsprozess. Die deutsche Islamdebatte}",
	editor = "B{{\"u}}lent Ucar",
	location = "Frankfurt am Main",
	pages = "275--292",
	publisher = "Peter Lang",
	series = "{Reihe f{{\"u}}r Osnabr{{\"u}}cker Islamstudien}",
	title = "{Zwischen Integration und Ausgrenzung}",
	year = "2010"
}

@incollection{Halm10,
	author = "Dirk Halm",
	booktitle = "{Die Rolle der Religion im Integrationsprozess. Die deutsche Islamdebatte}",
	editor = "B{{\"u}}lent Ucar",
	location = "Frankfurt am Main",
	pages = "293--326",
	publisher = "Peter Lang",
	series = "{Reihe f{{\"u}}r Osnabr{{\"u}}cker Islamstudien}",
	title = "{Das {{\"o}}ffentliche Bild des Islam in Deutschland und der Diskurs {{\"u}}ber seine gesellschaftliche Integration}",
	year = "2010"
}

@incollection{Hofmann10,
	author = "Murat Wilfried Hofmann",
	booktitle = "{Die Rolle der Religion im Integrationsprozess. Die deutsche Islamdebatte}",
	editor = "B{{\"u}}lent Ucar",
	location = "Frankfurt am Main",
	pages = "327--334",
	publisher = "Peter Lang",
	series = "{Reihe f{{\"u}}r Osnabr{{\"u}}cker Islamstudien}",
	title = "{Die Verwurzelung des Islam in Deutschland}",
	year = "2010"
}

@incollection{Ceylan10,
	author = "Rauf Ceylan",
	booktitle = "{Die Rolle der Religion im Integrationsprozess. Die deutsche Islamdebatte}",
	editor = "B{{\"u}}lent Ucar",
	location = "Frankfurt am Main",
	pages = "293--326",
	publisher = "Peter Lang",
	series = "{Reihe f{{\"u}}r Osnabr{{\"u}}cker Islamstudien}",
	title = "{Muslime in Deutschland -- Die Diskussion um \enquote{Parallelgesellschaften}}",
	year = "2010"
}

@incollection{Spohn10,
	author = "Margaret Spohn",
	booktitle = "{Die Rolle der Religion im Integrationsprozess. Die deutsche Islamdebatte}",
	editor = "B{{\"u}}lent Ucar",
	location = "Frankfurt am Main",
	pages = "93--110",
	publisher = "Peter Lang",
	series = "{Reihe f{{\"u}}r Osnabr{{\"u}}cker Islamstudien}",
	title = "{Das religi{{\"o}}s gepr{{\"a}}gte T{{\"u}}rkenbild gestern und heute -- von der \enquote{Gei{{\ss}}el Gottes} zum \enquote{Islammacho}? Kontinuit{{\"a}}ten und Br{{\"u}}che in den Vorstellungen der Deutschen gegen{{\"u}}ber Menschen aus der T{{\"u}}rkei in den vergangenen Jahrhunderten}",
	year = "2010"
}

@incollection{Bodenstein10,
	author = "Mark Chal\^{\i}l Bodenstein",
	booktitle = "{Die Rolle der Religion im Integrationsprozess. Die deutsche Islamdebatte}",
	editor = "B{{\"u}}lent Ucar",
	location = "Frankfurt am Main",
	pages = "349--364",
	publisher = "Peter Lang",
	series = "{Reihe f{{\"u}}r Osnabr{{\"u}}cker Islamstudien}",
	title = "{Institutionalisierung des Islam zur Integration von Muslimen}",
	year = "2010"
}

@incollection{Khorchide10,
	author = "Mouhanad Khorchide",
	booktitle = "{Die Rolle der Religion im Integrationsprozess. Die deutsche Islamdebatte}",
	editor = "B{{\"u}}lent Ucar",
	location = "Frankfurt am Main",
	pages = "365--385",
	publisher = "Peter Lang",
	series = "{Reihe f{{\"u}}r Osnabr{{\"u}}cker Islamstudien}",
	title = "{Die Dialektik von Religiosit{{\"a}}t und Gesellschaft}",
	year = "2010"
}

@incollection{Kandil10,
	author = "Fuad Kandil",
	booktitle = "{Die Rolle der Religion im Integrationsprozess. Die deutsche Islamdebatte}",
	editor = "B{{\"u}}lent Ucar",
	location = "Frankfurt am Main",
	pages = "543--555",
	publisher = "Peter Lang",
	series = "{Reihe f{{\"u}}r Osnabr{{\"u}}cker Islamstudien}",
	title = "{Traditionelle Religiosit{{\"a}}t in einer areligi{{\"o}}sen Gesellschaft}",
	year = "2010"
}

@incollection{Towfigh10,
	author = "Emmanuel Vahid Towfigh",
	booktitle = "{Die Rolle der Religion im Integrationsprozess. Die deutsche Islamdebatte}",
	editor = "B{{\"u}}lent Ucar",
	location = "Frankfurt am Main",
	pages = "459--484",
	publisher = "Peter Lang",
	series = "{Reihe f{{\"u}}r Osnabr{{\"u}}cker Islamstudien}",
	title = "{Vom Kopftuchverbot bis zum Ruf des Muezzin: Rechtliche M{{\"o}}glichkeiten und Grenzen freier Religionsaus{{\"u}}bung in Deutschland und ihre Praxis}",
	year = "2010"
}

@book{Klinkhammer00,
	author = "Gritt Klinkhammer",
	location = "Marburg",
	publisher = "diagonal-Verlag",
	title = "{Moderne Formen islamischer Lebensf{\"u}hrung. Eine qualitativ-empirische Untersuchung zur Religiosit{\"a}t sunnitisch gepr{\"a}gter T{\"u}rkinnen in Deutschland}",
	year = "2000"
}

@incollection{Hall04,
	author = "Stuart Hall",
	booktitle = "{Stuart Hall: Ideologie, Identit{{\"a}}t, Repr{{\"a}}sentation}",
	editor = "Juha Koivisto and Andreas Merkens",
	location = "Hamburg",
	pages = "66--80",
	publisher = "Argument-Verlag",
	series = "{Ausgew{{\"a}}hlte Schriften 4}",
	title = "{Kodieren/Dekodieren}",
	year = "2004"
}

@incollection{Hall04b,
	author = "Stuart Hall",
	booktitle = "{Stuart Hall: Ideologie, Identit{{\"a}}t, Repr{{\"a}}sentation}",
	editor = "Juha Koivisto and Andreas Merkens",
	location = "Hamburg",
	pages = "81--107",
	publisher = "Argument-Verlag",
	series = "{Ausgew{{\"a}}hlte Schriften 4}",
	title = "{Reflektionen {{\"u}}ber das Kodieren/Dekodieren-Modell. Ein Interview mit Stuart Hall}",
	year = "2004"
}

@incollection{Erikson71,
	author = "Erik H. Erikson",
	booktitle = "{Identit{{\"a}}t und Lebenszyklus}",
	location = "Frankfurt am Main",
	pages = "123--212",
	publisher = "Suhrkamp",
	title = "{Das Problem der Ich-Identit{{\"a}}t}",
	year = "1971 [1966]"
}

@incollection{Huttermann09,
	author = "J{{\"o}}rg H{{\"u}}ttermann",
	booktitle = "{Wider den Kulturenzwang}",
	editor = "{{\"O}}kzan Ezli and Dorothee Kimmich and Anette Werberger",
	location = "Bielefeld",
	pages = "95--133",
	publisher = "transcript",
	title = "{Zur Soziogenese einer kulturalisierten Einwanderungsgesellschaft}",
	year = "2009"
}

@incollection{Moya00,
	author = "Paula M. L. Moya",
	booktitle = "{Reclaiming Identity: Realist Theory and the Predicament of Postmodernism}",
	editor = "Paula M. L. Moya and Michael R. Hames-Garc\'{\i}a",
	location = "Berkeley",
	pages = "1--26",
	publisher = "Orient Longman",
	title = "{Introduction}",
	year = "2000"
}

@incollection{Spivak88,
	author = "Gayatri Chakravorty Spivak",
	booktitle = "{Selected Subaltern Studies}",
	editor = "Ranajit Guha and Gayatri Chakravorty Spivak",
	pages = "3--44",
	publisher = "Oxford University Press",
	series = "{Essays from the 5 Volumes and a Glossary}",
	title = "{Subaltern Studies. Deconstructing Historiography}",
	year = "1988"
}

@incollection{Tezcan07,
	author = "Levent Tezcan",
	booktitle = "{Konfliktfeld Islam in Europa}",
	editor = "Monika Wohlrab Sahr and Levent Tezcan",
	location = "Baden-Baden",
	pages = "51--74",
	publisher = "Nomos",
	title = "{Kultur, Gouvernementalit{{\"a}}t der Religion und der Integrationsdiskurs}",
	year = "2007"
}

@incollection{Kuchler06,
	author = "Daniel Kuchler",
	booktitle = "{Soziale Gerechtigkeit? Politikwissenschaftliche und geschichtsphilosophische Interventionen}",
	editor = "Matthias Lemke and Philipp Hermeier",
	location = "G{{\"o}}ttingen",
	pages = "105--121",
	publisher = "Cuvillier",
	title = "{Ein demokratischer Fehlschluss? Kommentar zur Theorie der \emph{failed states}.}",
	year = "2006"
}

@article{Vertovec99,
	author = "Steven Vertovec",
	journal = "Ethnic and Racial Studies",
	number = "2",
	publisher = "Routledge",
	title = "{Conceiving and Researching Transnationalism}",
	volume = "22",
	year = "1999"
}

@incollection{Ezli09,
	author = "{{\"O}}kzan Ezli and Dorothee Kimmich and Anette Werberger",
	booktitle = "{Wider den Kulturenzwang}",
	editor = "{{\"O}}kzan Ezli and Dorothee Kimmich and Anette Werberger",
	location = "Bielefeld",
	pages = "9--19",
	publisher = "transcript",
	title = "{Vorwort}",
	year = "2009"
}

@incollection{Hauschild09,
	author = "Thomas Hauschild",
	booktitle = "{Wider den Kulturenzwang}",
	editor = "{{\"O}}kzan Ezli and Dorothee Kimmich and Anette Werberger",
	location = "Bielefeld",
	pages = "23--46",
	publisher = "transcript",
	title = "{Ehrenmord, Ethnologie und Recht}",
	year = "2009"
}

@incollection{Tezcan09,
	author = "Levent Tezcan",
	booktitle = "{Wider den Kulturenzwang}",
	editor = "{{\"O}}kzan Ezli and Dorothee Kimmich and Anette Werberger",
	location = "Bielefeld",
	pages = "47--80",
	publisher = "transcript",
	title = "{Operative Kultur und Subjektivierungsstrategien in der Integrationspolitik}",
	year = "2009"
}

@incollection{Ha10,
	author = "{Kien Nghi} Ha",
	booktitle = "{Die Rolle der Religion im Integrationsprozess. Die deutsche Islamdebatte}",
	editor = "B{{\"u}}lent Ucar",
	location = "Frankfurt am Main",
	pages = "403--423",
	publisher = "Peter Lang",
	series = "{Reihe f{{\"u}}r Osnabr{{\"u}}cker Islamstudien}",
	title = "{Aufkl{{\"a}}rung, Bildungszwang oder Kolonialpolitik? Eine Fundamentalkritik der verpflichtenden Integrationskurse f{{\"u}}r muslimische und postkoloniale Migranten/-innen}",
	year = "2010"
}

@incollection{Rauer09,
	author = "Valentin Rauer",
	booktitle = "{Wider den Kulturenzwang}",
	editor = "{{\"O}}kzan Ezli and Dorothee Kimmich and Anette Werberger",
	location = "Bielefeld",
	pages = "81--94",
	publisher = "transcript",
	title = "{Kulturelle Grenzziehungen in integrationspolitischen Diskursen deutscher Printmedien}",
	year = "2009"
}

@incollection{Rodri03,
	author = "Encarnaci{{\'o}}n Guti{{\'e}}rrez Rodr\'{\i}guez",
	booktitle = "{Spricht die Subalterne deutsch? Migration und postkoloniale Kritik}",
	editor = "Hito Steyerl and Encarnaci{{\'o}}n Guti{{\'e}}rrez Rodr\'{\i}guez",
	location = "M{{\"u}}nster",
	pages = "17--37",
	publisher = "Unrast",
	title = "{Repr{{\"a}}sentation, Subalternit{{\"a}}t und postkoloniale Kritik}",
	year = "2003"
}

@incollection{Ha03,
	author = "{Kien Nghi} Ha",
	booktitle = "{Spricht die Subalterne deutsch? Migration und postkoloniale Kritik}",
	editor = "Hito Steyerl and Encarnaci{{\'o}}n Guti{{\'e}}rrez Rodr\'{\i}guez",
	location = "M{{\"u}}nster",
	pages = "56--107",
	publisher = "Unrast",
	title = "{Die kolonialen Muster deutscher Arbeitsmigration}",
	year = "2003"
}

@incollection{Steyerl03,
	author = "Hito Steyerl",
	booktitle = "{Spricht die Subalterne deutsch? Migration und postkoloniale Kritik}",
	editor = "Hito Steyerl and Encarnaci{{\'o}}n Guti{{\'e}}rrez Rodr\'{\i}guez",
	location = "M{{\"u}}nster",
	pages = "38--55",
	publisher = "Unrast",
	title = "{Postkolonialismus und Biopolitik. Probleme der {{\"U}}bertragung postkolonialer Ans{{\"a}}tze in den deutschen Kontext}",
	year = "2003"
}

@incollection{ElTayeb03,
	author = "Fatima El-Tayeb",
	booktitle = "{Spricht die Subalterne deutsch? Migration und postkoloniale Kritik}",
	editor = "Hito Steyerl and Encarnaci{{\'o}}n Guti{{\'e}}rrez Rodr\'{\i}guez",
	location = "M{{\"u}}nster",
	pages = "129--145",
	publisher = "Unrast",
	title = "{Begrenzte Horizonte. Queer Identity in der Festung Europa}",
	year = "2003"
}

@incollection{Ferreira03,
	author = "Grada Ferreira",
	booktitle = "{Spricht die Subalterne deutsch? Migration und postkoloniale Kritik}",
	editor = "Hito Steyerl and Encarnaci{{\'o}}n Guti{{\'e}}rrez Rodr\'{\i}guez",
	location = "M{{\"u}}nster",
	pages = "146--165",
	publisher = "Unrast",
	title = "{Die Kolonisierung des Selbst - der Platz des Schwarzen}",
	year = "2003"
}

@incollection{Dhawan05,
	author = "Nikita Dhawan and Maria {do Mar Castro Varela}",
	booktitle = "{Postkoloniale Theorie: Eine kritische Einf{\"u}hrung}",
	editor = "Nikita Dhawan and Maria {do Mar Castro Varela}",
	location = "M{{\"u}}nster",
	pages = "10--27",
	publisher = "Unrast",
	title = "{Kolonialismus, Antikolonialismus und die Kunst der Selbstkritik}",
	year = "2005"
}

@incollection{Spielhaus09,
	address = "Bielefeld",
	author = "Riem Spielhaus",
	booktitle = "{Der Stoff, aus dem Konflikte sind : Debatten um das Kopftuch in Deutschland, {{\"O}}sterreich und der Schweiz}",
	editor = "Sabine Berghahn and Petra Rostock",
	pages = "413--436",
	publisher = "transcript",
	title = "{Interessen vertreten mit vereinter Stimme: Der \enquote{Kopftuchstreit} als Impuls f{{\"u}}r die Institutionalisierung des Islams in Deutschland}",
	year = "2009"
}

@book{Weber20,
	address = "T{{\"u}}bingen",
	author = "Max Weber",
	title = "{Gesammelte Aufs{{\"a}}tze zur Religionssoziologie,}",
	volume = "3",
	year = "1920"
}

@book{Gramski,
	author = "Antonio Gramsci",
	editor = "Klaus Bochmann",
	location = "Hamburg",
	number = "7",
	publisher = "Argument-Verlag",
	title = "{Gef{{\"a}}ngnishefte}",
	volume = "4",
	year = "1992"
}

@article{Bockler12,
	author = "Hans-B{{\"o}}ckler-Stiftung",
	date = "2012-09",
	labledate = "2012",
	title = "{Sammlung von Studien zum Thema \enquote{Frauen in F{\"u}hrungspositionen}}",
	url = "http://www.boeckler.de/pdf/mbf_frauen_literatur.pdf",
	urldate = "2014-12-18"
}

@article{Lughod02,
	author = "Lila Abu-Lughod",
	journal = "American Anthropologist",
	number = "3",
	pages = "783--790",
	title = "{Do Muslim Women Need Saving? Reflections on Cultural Relativism and its Others}",
	volume = "104",
	year = "2002"
}

@article{Manuela06,
	author = "Manuela Bojad{\v z}ijev",
	journal = "Kurswechsel",
	title = "{Verlorene Gelassenheit. Eine Genealogie der Integration. Die Geschichte des deutschen Migrationsregimes als Geschichte der K{\"a}mpfe}",
	url = "http://www.linksnet.de/de/artikel/20122",
	urldate = "2014-12-18",
	year = "2006"
}

@book{Bhabha94,
	author = "Homi Bhabha",
	location = "London",
	publisher = "Routlege",
	title = "{Location of Culture}",
	year = "1994"
}

@book{Foucault05,
	author = "Michel Foucault",
	title = "{Analytik der Macht}",
	year = "2005"
}

@book{Tezcan12,
	author = "Levent Tezcan",
	location = "Konstanz",
	publisher = "Konstanz Univ. Press",
	title = "{Das muslimische Subjekt}",
	year = "2012"
}

@book{Ansary10,
	address = "Frankfurt/M.",
	author = "Tamim Ansary",
	publisher = "Campus-Verlag",
	title = "{Die unbekannte Mitte der Welt : Globalgeschichte aus islamischer Sicht}",
	year = "2010"
}

@book{Bachmann08,
	author = "Cordula Bachmann",
	location = "Bielefeld",
	publisher = "transcript",
	title = "{Kleidung und Geschlecht: Ethnographische Erkundungen einer Alltagspraxis}",
	year = "2008"
}

@book{McRobbie98,
	author = "Angela McRobbie",
	location = "London, New York",
	publisher = "Taylor \& Francis Group",
	title = "{British Fashion Design: Rag Trade Or Image Industry?}",
	year = "1998"
}

@book{Bauer11,
	author = "Thomas Bauer",
	location = "Berlin",
	publisher = "Verlag der Weltreligionen",
	title = "{Die Kultur der Ambiguit{\"a}t: Eine andere Geschichte des Islam}",
	year = "2011"
}

@book{Lamnek05,
	author = "Siegfried Lamnek",
	location = "Weinheim, Basel",
	publisher = "Beltz",
	series = "{Beltz PVU Lehrbuch}",
	title = "{Qualitative Sozialforschung: Lehrbuch}",
	year = "2005"
}

@book{Mayring02,
	author = "Philipp Mayring",
	location = "Weinheim, Basel",
	publisher = "Beltz",
	title = "{Einf{\"u}hrung in die qualitative Sozialforschung: Eine Anleitung zu qualitativem Denken}",
	year = "2002"
}

@book{Svendsen06,
	author = "Lars Svendsen",
	location = "London",
	publisher = "Reaktion Books",
	title = "{Fashion: A Philosophy}",
	year = "2006"
}

@book{Barnard01,
	author = "Malcolm Barnard",
	location = "London, New York",
	pages = "7--24",
	publisher = "Routledge",
	title = "{Fashion as Communication}",
	year = "2002"
}

@incollection{Lehnert12,
	author = "Gertrud Lehnert",
	booktitle = "{R{\"a}ume der Mode}",
	editor = "Gertrud Lehnert",
	location = "M{\"u}nchen",
	pages = "7--24",
	publisher = "Wilhelm Fink Verlag",
	title = "{Mode als Raum, Mode im Raum. Zur Einf{\"u}hrung}",
	year = "2012"
}

@incollection{Haase12,
	author = "Birgit Haase",
	booktitle = "{R{\"a}ume der Mode}",
	editor = "Gertrud Lehnert",
	location = "M{\"u}nchen",
	pages = "33--56",
	publisher = "Wilhelm Fink Verlag",
	title = "{\enquote{La passante} -- Die Promenade als Modeschauplatz im Zeitalter des Impressionismus}",
	year = "2012"
}

@incollection{Bieger12,
	author = "Laura Bieger and Annika Reich",
	booktitle = "{Mode. Ein kulturwissenschaftlicher Grundriss}",
	editor = "Laura Bieger and Susanne Rohr",
	location = "M{\"u}nchen",
	pages = "7--22",
	publisher = "Wilhelm Fink Verlag",
	title = "{Mode als kulturwissenschaftlicher Grundriss. Eine Einleitung}",
	year = "2012"
}

@incollection{Rohr12,
	author = "Susanne Rohr",
	booktitle = "{Mode. Ein kulturwissenschaftlicher Grundriss}",
	editor = "Laura Bieger and Susanne Rohr",
	location = "M{\"u}nchen",
	pages = "57--90",
	publisher = "Wilhelm Fink Verlag",
	title = "{Imagin{\"a}re Objekte: Wovon Mode spricht}",
	year = "2012"
}

@book{Barthes83,
	author = "Roland Barthes",
	location = "Frankfurt am Main",
	publisher = "edition suhrkamp",
	title = "{Die Sprache der Mode}",
	year = "1985"
}

@book{Hollander93,
	author = "Anne Hollander",
	location = "Berkeley, Los Angeles",
	publisher = "University of California Press",
	series = "{California paperback}",
	title = "{Seeing Through Clothes}",
	year = "1993"
}

@book{Entwistle00,
	author = "Joanne Entwistle",
	location = "Cambridge",
	publisher = "PolityPress",
	title = "{The Fashioned Body: Fashion, Dress and Modern Social Theory}",
	year = "2000"
}

@article{Hinnenkamp10,
	author = "Volker Hinnenkamp",
	date = "2020-08",
	journal = "APUZ",
	labeldate = "2010",
	location = "Berlin",
	publisher = "Bundeszentrale f{\"u}r politische Bildung",
	title = "{Vom Umgang mit Mehrsprachigkeiten}",
	url = "http://www.bpb.de/apuz/32955/vom-umgang-mit-mehrsprachigkeiten?p=all",
	urldate = "2014-12-18"
}

@article{Bax11,
	author = "Daniel Bax",
	date = "2011-03-11",
	journal = "taz",
	labeldate = "2011",
	title = "{Union statt Integration}",
	url = "http://www.taz.de/!5125052",
	urldate = "2014-12-18"
}

@article{Gau08,
	author = "Sonke Gau and Katharina Schlieben",
	journal = "Shedhalle Zeitung",
	location = "Z{\"u}rich",
	title = "{{\"U}bersetzungsparadoxien und Missverst{\"a}ndnisse. Gedankenskizze zur Projektreihe}",
	year = "2008"
}

@book{Foucault78,
	author = "Michel Foucault",
	location = "Berlin",
	publisher = "Merve",
	title = "{Dispositive der Macht. {\"U}ber Sexualit{\"a}t, Wissen und Wahrheit}",
	year = "2000 [1978]"
}

@book{Loew01,
	author = "Martina L{\"o}w",
	location = "Frankfurt am Main",
	title = "{Raumsoziologie}",
	year = "2001"
}

@article{Terkessidis,
	author = "Mark Terkessidis",
	date = "2005-11-18",
	journal = "heimatkunde.boell.de",
	labeldate = "2005",
	location = "Berlin",
	title = "{Muslim ja - B{\"u}rger nein}",
	url = "http://www.migration-boell.de/web/integration/47_1198.asp",
	urldate = "2014-12-18"
}

@article{Akyun13,
	author = "Hatice Aky{\"u}n",
	date = "2013-05-20",
	journal = "Tagesspiegel.de",
	labeldate = "2013",
	title = "{Br{\"u}ste im Kopf}",
	url = "http://www.tagesspiegel.de/meinung/hatice-akyuen-ueber-angelina-jolie-brueste-im-kopf/8230238.html",
	urldate = "2014-12-18"
}

@article{Tarlo07a,
	author = "Emma Tarlo",
	date = "2007-04",
	editor = "Annelies Moors and Emma Tarlo",
	journal = "Fashion Theory: The Journal of Dress, Body \& Culture",
	labeldate = "2007",
	number = "2/3",
	pages = "143--172",
	title = "{Islamic Cosmopolitanism: The Sartorial Biographies of Three Muslim Women in London}",
	volume = "11"
}

@book{Prus12,
	author = "Michael Dellwing and Robert Prus",
	location = "Wiesbaden",
	publisher = "VS",
	title = "{Einf{\"u}hrung in die interaktionistische Ethnographie. Soziologie im Au{\ss}endienst}",
	year = "2012"
}

@booklet{Simmel,
	author = "Georg Simmel",
	editor = "Hans Landsberg",
	location = "Berlin",
	publisher = "Pan Verlag",
	series = "{Moderne Zeitfragen}",
	title = "{Philosophie der Mode}",
	volume = "11",
	year = "N.J. [1905]"
}

@book{Bourdieu87,
	author = "Pierre Bourdieu",
	location = "Frankfurt am Main",
	publisher = "Suhrkamp",
	title = "{Die feinen Unterschiede. Kritik der gesellschaftlichen Urteilskraft}",
	year = "1987"
}

@book{Butler97,
	author = "Judith Butler",
	location = "Frankfurt am Main",
	publisher = "edition suhrkamp",
	title = "{K{\"o}rper von Gewicht}",
	year = "1997"
}

@book{Mulvey89,
	address = "Hapshire and New York",
	author = "Laura Mulvey",
	publisher = "Palgrave",
	title = "{Visual and Other Pleasures}",
	year = "1989"
}

@book{Veblen,
	author = "Thorstein Veblen",
	location = "M{\"u}nchen",
	publisher = "dtv",
	title = "{Theorie der feinen Leute}",
	year = "1981 [1899]"
}

@article{Massey91,
	author = "Doreen Massey",
	date = "1991-06",
	journal = "MARXISM TODAY",
	labeldate = "1991",
	number = "38",
	pages = "24--29",
	title = "{A Global Sense Of Place}"
}

@article{Thurner10,
	author = "Ingrid Thurner",
	date = "2010-06-25",
	journal = "sueddeutsche.de",
	labeldate = "2010",
	title = "{Der nackte Zwang}",
	url = "http://www.sueddeutsche.de/kultur/feminismus-kopftuchdebatte-der-nackte-zwang-1.963023",
	urldate = "2014-12-18"
}

@article{Strohmaier08,
	author = "Brenda Strohmaier",
	date = "2008-02-15",
	journal = "welt.de",
	labeldate = "2008",
	title = "{Warum Atil Kutoglu Kopft{\"u}cher mag}",
	url = "http://www.welt.de/lifestyle/article1677808/Warum-Atil-Kutoglu-Kopftuecher-mag.html",
	urldate = "2014-12-18"
}

@article{Pyle08,
	author = "Ally Pyle",
	date = "2008-02-28",
	journal = "vogue.co.uk",
	labeldate = "2008",
	title = "{Chalayan for Puma}",
	url = "http://www.vogue.co.uk/news/2008/02/28/chalayan-for-puma",
	urldate = "2014-12-18"
}

@article{Geiges11,
	author = "Lars Geiges",
	journal = "Spiegel Online",
	labeldate = "23.04.2011",
	title = "{Muslimische Modesch{\"o}pfer: \enquote{Es gibt Leute, die uns die H{\"o}lle prophezeien}}",
	url = "http://www.spiegel.de/wirtschaft/unternehmen/muslimische-modeschoepfer-es-gibt-leute-die-uns-die-hoelle-prophezeien-a-757379.html",
	urldate = "2014-12-18"
}

@article{Hermann12,
	author = "Rainer Hermann",
	date = "2012-08-13",
	journal = "FAZ.net",
	labeldate = "2012",
	title = "{Dubai: Musliminnen in Mode}",
	url = "http://www.faz.net/aktuell/gesellschaft/mode/dubai-musliminnen-in-mode-11854702.html",
	urldate = "2014-12-18"
}

@article{ohne12,
	author = "N.N.",
	date = "2012-12-11",
	journal = "wdr.de",
	keywords = "Quellen",
	labeldate = "2012",
	title = "{Das Modelabel Styleislam: Muslimisch, deutsch, erfolgreich}",
	url = "http://programm.ard.de/TV/Programm/Alle-Sender/?sendung=281119095553763",
	urldate = "2014-12-18"
}

@article{Schilling05,
	author = "Oliver C. Schilling",
	date = "2005-03-27",
	journal = "welt.de",
	labeldate = "2005",
	title = "{Das Auge denkt mit}",
	url = "welt.de/print-wams/article125748/Das-Auge-denkt-mit.html",
	urldate = "2014-12-18"
}

@article{Althaus12,
	author = "Nicole Althaus",
	date = "2012-05-02",
	journal = "tagesanzeiger.ch",
	labeldate = "2012",
	title = "{Verh{\"u}llen statt entkleiden?}",
	url = "http://www.tagesanzeiger.ch/leben/style/Verhuellen-statt-entkleiden/story/24791697",
	urldate = "2014-12-18"
}

@incollection{Balibar90,
	address = "Hamburg und Berlin",
	author = "Etienne Balibar",
	booktitle = "{Rasse Klasse Nation. Ambivalente Identit{\"a}ten}",
	editor = "Etienne Balibar and Immanuel Wallerstein",
	pages = "107--130",
	publisher = "Argument-Verlag",
	title = "{Die Nation-Form. Geschichte und Ideologie}",
	year = "1990"
}

@incollection{Hofmann03,
	author = "Sabine Hofmann and Gabriele Budach and J{\"u}rgen Erfurth",
	booktitle = "{Mehrsprachigkeit und Migration. Ressourcen sozialer Identifikation}",
	editor = "Sabine Hofmann and Gabriele Budach and J{\"u}rgen Erfurth",
	location = "Frankfurt am Main",
	pages = "5--22",
	series = "{Sprache, Mehrsprachigkeit und sozialer Wandel}",
	title = "{Einleitung}",
	year = "2003"
}

@incollection{Hofmann03a,
	author = "J{\"u}rgen Erfurth and Gabriele Budach and Sabine Hofmann",
	booktitle = "{Mehrsprachigkeit und Migration. Ressourcen sozialer Identifikation}",
	editor = "Sabine Hofmann and Sabine Hofmann and J{\"u}rgen Erfurth",
	location = "Frankfurt am Main",
	pages = "251--259",
	series = "{Sprache, Mehrsprachigkeit und sozialer Wandel}",
	title = "{Sprachenlernen und Mehrsprachigkeit im Kontext von Migrationsprozessen. Problemaufriss und Empfehlungen}",
	year = "2003"
}

@book{Tietze08,
	author = "Klaudia Tietze",
	location = "M{\"u}nster",
	publisher = "LIT Verlag",
	title = "{Einwanderung und die deutschen Parteien: Akzeptanz und Abwehr von Migranten im Widerstreit in der Programmatik von SPD, FDP, den Gr{\"u}nen und CDU/CSU}",
	year = "2008"
}

@incollection{Hessling99,
	author = "Ruth Klein-Hessling and Sigrid N{{\"o}}kel and Karin Werner",
	booktitle = "{Der neue Islam der Frauen. Weibliche Lebenspraxis aus der globalisierten Moderne - Fallstudien aus Afrika, Asien und Europa}",
	editor = "Ruth Klein-Hessling and Siegrid N{{\"o}}kel and Karin Werner",
	location = "Bielefeld",
	pages = "11--34",
	publisher = "transcript",
	title = "{Weibliche Mikropolitiken und die Globalisierung des Islam}",
	year = "1999"
}

@incollection{Pusch99,
	author = "Barbara Pusch",
	booktitle = "{Der neue Islam der Frauen. Weibliche Lebenspraxis aus der globalisierten Moderne - Fallstudien aus Afrika, Asien und Europa}",
	editor = "Ruth Klein-Hessling and Siegrid N{{\"o}}kel and Karin Werner",
	location = "Bielefeld",
	pages = "147--174",
	publisher = "transcript",
	title = "{Schleierhafter Protest? Zur Kopftuchdebatte in der T{\"u}rkei}",
	year = "1999"
}

@article{Sandikci09,
	author = "{\"O}zlem {Sand{\i}kc{\i}}",
	date = "2010-06",
	editor = "Emma Tarlo and Annelies Moors",
	journal = "Journal of Consumer Research",
	labeldate = "2010",
	number = "1",
	pages = "15--36",
	title = "{Veiling in style : How does a stigmatized practice become fashionable?}",
	volume = "37"
}

@incollection{Jones07,
	author = "Carla Jones",
	editor = "Emma Tarlo and Annelies Moors",
	journal = "Fashion Theory: The Journal of Dress, Body \& Culture",
	number = "2/3",
	pages = "211--232",
	title = "{Fashion and Faith in Urban Indonesia}",
	volume = "11",
	year = "2007"
}

@incollection{Tarlo13,
	address = "London and New York",
	author = "Annelies Moors and Emma Tarlo",
	booktitle = "{Islamic Fashion and Anti-Fashion: New Perspectives from Europe and North America}",
	editor = "Emma Tarlo and Annelies Moors",
	pages = "1--30",
	publisher = "Bloomsbury Publishing",
	title = "{Introduction}",
	year = "2013"
}

@book{Lehnert13,
	address = "Bielefeld",
	author = "Gertrud Lehnert",
	publisher = "transcript",
	title = "{Mode. Theorie, Geschichte und {\"A}sthetik einer kulturellen Praxis}",
	year = "2013"
}

@book{Sahin14,
	author = "Reyhan {{\c S}ahin}",
	location = "M{\"u}nster",
	publisher = "LIT-Verlag",
	title = "{Die Bedeutung des muslimischen Kopftuchs. Eine kleidungssemiotische Untersuchung muslimischer Kopftuchtr{\"a}gerinnen in der Bundesrepublik Deutschland}",
	year = "2014"
}

@book{Bendixsen13,
	author = "{Synn{\o}ve} Bendixsen",
	location = "Leiden",
	publisher = "Brill",
	title = "{The Religious Identity of Young Muslim Women in Berlin. An Ethnographic Study}",
	year = "2013"
}

@book{Mayring10,
	author = "Philipp Mayring",
	edition = "11",
	location = "Weinheim, Basel",
	publisher = "Beltz",
	title = "{Qualitative Inhaltsanalyse: Grundlagen und Techniken}",
	year = "2010"
}

@article{Spon11,
	author = "Anna Reimann",
	date = "2011-11-09",
	journal = "Spiegel Online",
	labeldate = "2011",
	title = "{Studie: Tausende Migrantinnen werden zur Ehe gezwungen}",
	url = "http://www.spiegel.de/politik/deutschland/studie-tausende-migrantinnen-werden-zur-ehe-gezwungen-a-796673.html",
	urldate = "2014-12-18"
}

@article{Times,
	author = "Helen Rumbelow",
	date = "2014-01-27",
	journal = "The Times",
	labeldate = "2014",
	title = "{Meet the Mipsterz: hipsters in hijabs}",
	url = "http://www.thetimes.co.uk/tto/life/article3985427.ece#tab-1",
	urldate = "2014-12-18"
}

@article{Mustefa14,
	author = "Zab Mustefa",
	journal = "tribune.com [Webblog] vom 05.02.2014",
	keywords = "Quellen",
	labeldate = "2014",
	title = "{Hijab4Men: Let{\rq}s turn the tables and show men how it feels}",
	url = "http://blogs.tribune.com.pk/story/20894/hijab4men-lets-turn-the-tables-and-show-men-how-it-feels",
	urldate = "2014-12-18"
}

@article{Becker14,
	author = "Emily Dische-Becker",
	date = "2014-01-20",
	journal = "FAZ.net",
	labeldate = "2014",
	title = "{Das Kopftuch, ein westlicher Fetisch}",
	url = "http://blogs.faz.net/10vor8/2014/01/20",
	urldate = "2014-12-18"
}

@booklet{Moaddel13,
	author = "Mansoor Moaddel",
	institution = "University of Maryland",
	title = "{The Birthplace of the Arab Spring: Values and Perceptions of Tunisians}",
	url = "http://www.pewresearch.org/fact-tank/2014/01/08/what-is-appropriate-attire-for-women-in-muslim-countries",
	urldate = "2014-12-18",
	year = "2013"
}

@incollection{Venel99,
	author = "Nancy Venel",
	booktitle = "{Der neue Islam der Frauen. Weibliche Lebenspraxis aus der globalisierten Moderne - Fallstudien aus Afrika, Asien und Europa}",
	editor = "Ruth Klein-Hessling and Siegrid N{{\"o}}kel and Karin Werner",
	location = "Bielefeld",
	pages = "81--105",
	publisher = "transcript",
	title = "{Franz{\"o}sische Muslimas - Glaubensbiographien von Studentinnen mit Kopftuch}",
	year = "1999"
}

@incollection{Werner99,
	author = "Karin Werner",
	booktitle = "{Der neue Islam der Frauen. Weibliche Lebenspraxis aus der globalisierten Moderne - Fallstudien aus Afrika, Asien und Europa}",
	editor = "Ruth Klein-Hessling and Siegrid N{{\"o}}kel and Karin Werner",
	location = "Bielefeld",
	pages = "249--276",
	publisher = "transcript",
	title = "{Vom wilden Teenager zur B{\"u}rgerin -- Islamismus als neue Form der Vergesellschaftung junger Frauen in {\"A}gypten}",
	year = "1999"
}

@book{Hammersley07,
	author = "Martyn Hammersley and Paul Atkinson",
	location = "London, New York",
	publisher = "Tavistock Publications",
	title = "{Ethnography. Principles in Practice}",
	year = "1983"
}

@article{Sullivan,
	author = "Tim Sullivan",
	date = "2013-11-12",
	journal = "Harvard Business Manager",
	labeldate = "2013",
	title = "{Ein Song wird zum Welthit? Purer Zufall!}",
	url = "harvardbusinessmanager.de/meinungen/artikel/erfolg-haengt-oft-vom-zufall-ab-a-932844.html",
	urldate = "12.04.2014",
	urldate2 = "2014-12-18"
}

@book{Khoury,
	editor = "Adel Theodor Khoury",
	location = "G{\"u}tersloh",
	publisher = "G{\"u}tersloher Verlagshaus",
	title = "{Der Koran. Arabisch-Deutsch, {\"U}bersetzung und wissenschaftlicher Kommentar von Adel Theodor Khoury}",
	year = "1999"
}

@booklet{Schneider13,
	author = "Jan Schneider and Gunilla Fincke and Anne-Kathrin Will",
	location = "Berlin",
	publisher = "Sachverst{\"a}ndigenrat deutscher Stiftungen f{\"u}r Integration und Migration",
	title = "{Muslime in der Mehrheitsgesellschaft: Medienbild und Alltagserfahrungen in Deutschland}",
	url = "http://d-nb.info/1046705946/34",
	urldate = "2014-12-18",
	year = "2013"
}

@book{Miller12,
	author = "Daniel Miller and Sophie Woodward",
	location = "Berkeley, Los Angeles",
	publisher = "University of California Press",
	title = "{Blue Jeans: The Art of the Ordinary}",
	year = "2012"
}

@article{Bonessi,
	author = "Dominique Bonessi",
	journal = "dominiquebonessi.wordpress.com [Webblog], vom 22.02.2014",
	keywords = "Quellen",
	labeldate = "2014",
	title = "{So what does Hijab4Men and Palestinian Rap Music have in common?}",
	url = "http://dominiquebonessi.wordpress.com/2014/02/22/so-what-does-hijab4men-and-palestinian-rap-music-have-in-common",
	urldate = "2014-12-18"
}

@incollection{Ammann04,
	author = "Ludwig Ammann",
	booktitle = "{Islam in Sicht. Der Auftritt von Muslimen im {\"o}ffentlichen Raum}",
	editor = "Nil{\"u}fer G{\"o}le and Ludwig Ammann",
	location = "Bielefeld",
	publisher = "transcript",
	title = "{Privatssph{\"a}re und {\"O}ffentlichkeit in der muslimischen Zivilisation}",
	year = "2004"
}

@article{Rahimi,
	author = "Sarah Rahimi",
	journal = "salaamcal.com [Webblog] vom 03.01.2013",
	keywords = "Quellen",
	labeldate = "2013",
	title = "{To The Point: Shaming Women Into (and out of) Hijab}",
	url = "http://salaamcal.com/archives/to-the-point-shaming-women-into-and-out-of-hijab",
	urldate = "2014-12-18"
}

@article{Stilbruch,
	author = "Anke Schipp",
	date = "2005-05-24",
	journal = "Faz.net",
	labeldate = "2005",
	title = "{Der kalkulierte Stilbruch}",
	url = "http://www.faz.net/aktuell/gesellschaft/mode/mode-der-kalkulierte-stilbruch-1234388.html",
	urldate = "2014-12-18"
}

@article{Transgender,
	author = "alicia",
	date = "2011-02-01",
	journal = "MuslimahMediaWatch [Webblog]",
	keywords = "Quellen",
	labeldate = "2011",
	title = "{Between Worlds: Jilbab and Transgender in Indonesia}",
	url = "http://www.patheos.com/blogs/mmw/2011/02/between-worlds-jilbab-and-transgender-in-indonesia",
	urldate = "2014-12-18"
}

@incollection{Seng95,
	author = "{Yvonne J} Seng and Betty Wass",
	booktitle = "{Dress and Ethnicity}",
	editor = "Joanne B. Eicher",
	location = "Oxford",
	pages = "227--254",
	publisher = "Berg",
	title = "{Traditional Palestinian Wedding Dress as a Symbol of Nationalism}",
	year = "1995"
}

@book{Habermas90,
	author = "J{\"u}rgen Habermas",
	location = "Frankfurt am Main",
	publisher = "Suhrkamp",
	title = "{Strukturwandel der {\"O}ffentlichkeit}",
	year = "1990 [1962]"
}

@book{Lyzeum,
	editor = "Dudenredaktion",
	location = "Mannheim/Leipzig/Wien/Z{\"u}rich",
	publisher = "Dudenverlag",
	series = "{Der Duden in zw{\"o}lf B{\"a}nden. 2., neu bearbeitete und aktualisierte Auflage}",
	title = "{Duden, Redewendungen. W{\"o}rterbuch der deutschen Idiomatik}",
	volume = "11",
	year = "2002"
}

@article{Moors07,
	author = "Annelies Moors",
	date = "2007-04",
	journal = "Fashion Theory: The Journal of Dress, Body \& Culture",
	labeldate = "2007",
	number = "2-3",
	pages = "319--346",
	title = "{Fashionable Muslims: Notions of Self, Religion, and Society in Sana}",
	volume = "11"
}

@book{Blumenthal09,
	author = "Julia von Blumenthal",
	location = "Baden-Baden",
	publisher = "Nomos",
	title = "{Das Kopftuch in der Landesgesetzgebung. Governance im Bundesstaat zwischen Unitarisierung und F{\"o}rderalisierung}",
	year = "2009"
}

@incollection{Fournier10,
	author = "Pascale Fournier and G{\"o}kce Yurdakul",
	booktitle = "{Staats{\"u}rgerschaft, Migration und Minderheiten. Inklusion und Ausgrenzungsstrategien im Vergleich}",
	editor = "G{\"o}kce Yurdakul and Y. Michal Bodemann",
	location = "Wiesbaden",
	pages = "93--110",
	publisher = "VS",
	title = "{Hinter dem Schleier: Zur sozialen Stellung muslimischer Frauen mit Kopftuch in Frankreich und Deutschland}",
	year = "2010"
}

@book{Herding13,
	author = "Maruta Herding",
	location = "Bielefeld",
	publisher = "transcript",
	title = "{Inventing the Muslim Cool}",
	year = "2013"
}

@book{Lewicki06,
	author = "Aleksandra Lewicki",
	publisher = "Lit",
	series = "{Region - Nation - Europa}",
	title = "{Souver{\"a}nit{\"a}t im Wandel: zur Aktualit{\"a}t eines normativen Begriffs}",
	year = "2006"
}

@incollection{Romhild11,
	author = "Regina R{\"o}mhild",
	booktitle = "{Neue Vielfalt in der urbanen Stadtgesellschaft}",
	editor = "W.D. Bukow and G. Heck and E. Schulze and E. Yildiz",
	location = "Wiesbaden",
	pages = "21--32",
	publisher = "VS",
	title = "{Global Heimat. Der Alltag junger Migranten in den Widerspr{\"u}chen der Einwanderungsgesellschaft}",
	year = "2011"
}

@book{Ferchl,
	author = "Dieter Ferchl",
	location = "Stuttgart",
	publisher = "Reclam",
	title = "{{\d S}a{\d h}\={\i}{\d h} al-Bu\b{h}{\=a}r\={\i}: Nachrichten von Taten und Ausspr{\"u}chen des Propheten Muhammad}",
	year = "1991"
}

@book{KhouryH,
	author = "Adel Theodor Khoury",
	location = "G{\"u}tersloh",
	publisher = "G{\"u}tersloher Verlagshaus",
	title = "{Der {\d H}ad\={\i}th. Urkunde der islamischen Tradition. Ausgew{\"a}hlt und {\"u}bersetzt von Adel Theodor Khoury}",
	volume = "3",
	year = "2009"
}

@book{Oestreich2004,
	author = "Heide Oestreich",
	location = "Frankfurt am Main",
	publisher = "Brandes \& Apsel",
	title = "{Der Kopftuchstreit. Das Abendland und ein Quadratmeter Islam}",
	year = "2004"
}

@book{Schroter02,
	author = "Hiltrud Schr{\"o}ter",
	location = "K{\"o}nigsstein/Taunus",
	publisher = "Ulrike Helmer Verlag",
	title = "{Mohhammeds deutsche T{\"o}chter. Bildungsprozesse, Hindernisse, Hintergr{\"u}nde}",
	year = "2002"
}

@incollection{Lutz99,
	author = "Helma Lutz",
	booktitle = "{Der neue Islam der Frauen. Weibliche Lebenspraxis aus der globalisierten Moderne - Fallstudien aus Afrika, Asien und Europa}",
	editor = "Ruth Klein-Hessling and Siegrid N{{\"o}}kel and Karin Werner",
	location = "Bielefeld",
	pages = "35--61",
	publisher = "transcript",
	title = "{Anst{\"o}{\ss}ige Kopft{\"u}cher. Kopftuchdebatten in den Niederlanden}",
	year = "1999"
}

@book{Lewicki,
	author = "Aleksandra Lewicki",
	location = "Basingstoke",
	publisher = "Palgrave Macmillan",
	title = "{Social Justice through Citizenship? The Politics of Muslim Integration in Germany and Great Britain}",
	year = "2014 (i.E.)"
}

@book{Spielhaus11,
	author = "Riem Spielhaus",
	location = "W{\"u}rzburg",
	publisher = "Ergon",
	title = "{Wer ist hier Muslim?}",
	year = "2011"
}

@incollection{Yurdakul06,
	author = "G{\"o}kce Yurdakul",
	booktitle = "{Politics of Visibility. Young Muslims in European Public Spaces}",
	editor = "Val{\'e}rie Amiraux and Gerdien Jonker",
	location = "Bielefeld",
	pages = "151--168",
	publisher = "transcript",
	title = "{Secular versus Islamist: The Headscarf Debate in Germany}",
	year = "2006"
}

@incollection{Nokel07,
	author = "Sigrid N{{\"o}}kel",
	booktitle = "{Junge Muslime in Deutschland. Lebenslagen, Aufwachsprozesse und Jugendkulturen}",
	editor = "Hans-J{\"u}rgen Wensierski and Claudia L{\"u}bke",
	location = "Opladen",
	pages = "135--156",
	publisher = "Verlag Barbara Budrich",
	title = "{\enquote{Neo-Muslimas} -- Alltags- und Geschlechterpolitiken junger muslimischer Frauen zwischen Religion, Tradition und Moderne}",
	year = "2007"
}

@incollection{Mihci93,
	author = "Ursula Mihciyazgan",
	booktitle = "{M{\"a}dchenSt{\"a}rken. Probleme der Koedukation in der Grundschule}",
	editor = "G. Pfister and R. Valtin",
	location = "Frankfurt am Main",
	pages = "97--110",
	title = "{\enquote{Ich fa{\ss}' doch keinen Jungen an!} {\"U}berlegungen zum geschlechtsspezifischen Verhalten t{\"u}rkischer M{\"a}dchen und Jungen}",
	url = "http://www.mihciyazgan.de/downloads/MihciIchfassdoch%20keinen.pdf",
	urldate = "2014-12-18",
	year = "1993"
}

@book{Krawietz02,
	author = "Birgit Krawietz",
	location = "Berlin",
	publisher = "Duncker und Humblot",
	title = "{Hierarchie der Rechtsquellen im tradierten sunnitischen Islam}",
	year = "2002"
}

@book{Spradley79,
	author = "James Spradley",
	location = "New York",
	title = "{The Ethnographic Interview}",
	year = "1979"
}

@book{Spradley80,
	address = "New York",
	author = "James Spradley",
	booktitle = "{Participant Observation}",
	title = "{The Ethnographic Research Cycle}",
	year = "1980"
}

@book{Flick91,
	editor = "Uwe Flick",
	location = "M{\"u}nchen",
	publisher = "Psychologie Verlags Union",
	title = "{Handbuch Qualitative Sozialforschung}",
	year = "1991"
}

@book{Helfferich05,
	author = "Cornelia Helfferich",
	location = "Wiesbaden",
	publisher = "VS",
	title = "{Die Qualit{\"a}t qualitativer Daten. Manual f{\"u}r die Durchf{\"u}hrung qualitativer Interviews}",
	year = "2005"
}

@article{Blumer,
	author = "Herbert Blumer",
	journal = "American Sociological Review",
	number = "1",
	pages = "3--10",
	title = "{What is wrong with Social Theory?}",
	volume = "19",
	year = "1954"
}

@book{Glaser,
	author = "Barney G. Glaser and Anselm L. Strauss",
	location = "New York",
	publisher = "Aldine",
	title = "{The Discovery of Grounded Theory: Strategies for Qualitative Research}",
	year = "1967"
}

@book{Holweg05,
	author = "Heiko Holweg",
	location = "Bern",
	publisher = "Haupt Verlag",
	title = "{Methodologie der qualitativen Sozialforschung. Eine Kritik}",
	year = "2005"
}

@book{Beer08,
	editor = "Bettina Beer",
	location = "Berlin",
	publisher = "Reimer",
	title = "{Methoden ethnologischer Feldforschung}",
	year = "2008"
}

@book{Flick95,
	author = "Uwe Flick",
	location = "Hamburg",
	publisher = "Reinbeck",
	title = "{Qualitative Methoden. Theorie, Methoden, Anwendung in Psychologie und Sozialwissenschaften}",
	year = "1995"
}

@book{Witzel82,
	author = "Andreas Witzel",
	location = "Frankfurt am Main und New York",
	pages = "227--255",
	title = "{Verfahren der qualitativen Sozialforschung. {\"U}berblick und Alternativen}",
	year = "1982"
}

@incollection{Witzel85,
	author = "Andreas Witzel",
	booktitle = "{Qualitative Forschung in der Psychologie. Grundfragen, Verfahrensweisen, Anwendungsfelder}",
	editor = "Gerd J{\"u}ttermann",
	location = "Weinheim",
	pages = "227--255",
	publisher = "Beltz",
	title = "{Das problemzentrierte Interview}",
	year = "1985"
}

@incollection{Boos,
	author = "Ursula Boos-N{\"u}nning",
	booktitle = "{Qualitative Methoden der Datenerhebung in der Arbeitsmigrantenforschung}",
	editor = "J{\"u}rgen H.P. Hoffmeyer-Zlotnik",
	location = "Mannheim",
	pages = "42--77",
	publisher = "Forschung Raum und Gesellschaft e.V",
	title = "{Qualitative Interviews in der Ausl{\"a}nderforschung: Wissenschaftler - Interviewer - Ausl{\"a}ndische Befragte}",
	year = "1986"
}

@incollection{Kohl90,
	author = "Karl-Heinz Kohl",
	booktitle = "{Klassiker der Kulturanthropologie. Von Montaigne bis Mead}",
	editor = "Wolf Marshall",
	location = "M{\"u}nchen",
	pages = "227--247",
	publisher = "Beck",
	title = "{Bronislaw Kaspar Malinowski (1884-1942)}",
	year = "1990"
}

@incollection{Amann97,
	author = "Klaus Amann and Stefan Hirschauer",
	booktitle = "{Die Befremdung der eigenen Kultur}",
	editor = "Klaus Amann and Stefan Hirschauer",
	location = "Frankfurt am Main",
	pages = "7--41",
	publisher = "Suhrkamp",
	title = "{Die Befremdung der eigenen Kultur. Ein Programm}",
	year = "1997"
}

@book{Geertz83,
	author = "Clifford Geertz",
	location = "Frankfurt am Main",
	publisher = "Suhrkamp",
	title = "{Dichte Beschreibung: Beitr{\"a}ge zum Verstehen kultureller Systeme}",
	year = "1983"
}

@incollection{Beer08a,
	author = "Bettina Beer",
	booktitle = "{Methoden ethnologischer Feldforschung}",
	editor = "Bettina Beer",
	location = "Berlin",
	pages = "167--190",
	publisher = "Reimer",
	title = "{Systematische Beobachtung}",
	year = "2008"
}

@article{Spittler01,
	author = "Gerd Spittler",
	journal = "Zeitschrift f{\"u}r Ethnologie",
	location = "Berlin",
	number = "1",
	title = "{Teilnehmende Beobachtung als Dichte Teilnahme}",
	volume = "126",
	year = "2001"
}

@book{Roald01,
	author = "Ann Sophie Roald",
	location = "London, New York",
	publisher = "Routledge",
	title = "{Women in Islam: The Western Experience}",
	year = "2001"
}

@incollection{Flick00,
	author = "Uwe Flick",
	booktitle = "{Qualitative Forschung. Ein Handbuch}",
	editor = "Uwe Flick",
	location = "Hamburg",
	pages = "252--263",
	publisher = "Reinbeck",
	title = "{Design und Prozess qualitativer Forschung}",
	year = "2000"
}

@article{Lindner81,
	author = "Rolf Lindner",
	journal = "Zeitschrift f{\"u}r Volkskunde",
	number = "77",
	pages = "51--66",
	title = "{Die Angst des Forschers vor dem Feld. {\"U}berlegungen zur teilnehmenden Beobachtung als Interaktionsproze{\ss}}",
	year = "1981"
}

@incollection{Harper10,
	author = "Douglas Harper",
	booktitle = "{Qualitative Forschung. Ein Handbuch}",
	editor = "Uwe Flick and Ernst von Kardorff and Ines Steinke",
	location = "Reinbek bei Hamburg",
	pages = "402--416",
	publisher = "Rowohlt",
	title = "{Fotografien als sozialwissenschaftliche Daten}",
	year = "2000"
}

@incollection{Petermann95,
	author = "Werner Petermann",
	booktitle = "{Handbuch Qualitative Sozialforschung}",
	editor = "Uwe Flick",
	location = "Weinheim",
	pages = "228--232",
	publisher = "Beltz",
	title = "{Fotographie und Filmanalyse}",
	year = "1995"
}

@book{Kaschuba03,
	author = "Wolfgang Kaschuba",
	location = "M{\"u}nchen",
	publisher = "Beck",
	title = "{Einf{\"u}hrung in die europ{\"a}ische Ethnologie}",
	year = "1999"
}

@article{Greiner,
	author = "Lena Greiner",
	date = "2013-09-16",
	journal = "Spiegel Online",
	labeldate = "2013",
	title = "{Bibliothek mit stylischen Studenten: Hier kommen die Bibster}",
	url = "http://www.spiegel.de/unispiegel/wunderbar/studenten-in-berlin-damn-sind-wir-hip-a-921880.html",
	urldate = "2014-12-18"
}

@incollection{Harper94,
	author = "Douglas Harper",
	booktitle = "{Handbook of Qualitative Research}",
	editor = "Norman K. Denzin and Yvonna S. Lincoln",
	location = "Thousand Oaks",
	publisher = "Sage",
	title = "{On the Authority of Image. Visual Methods at the Crossroads}",
	year = "1994"
}

@book{Clifford86,
	author = "James Clifford and George E. Marcus",
	location = "Berkeley",
	publisher = "University of California Press",
	title = "{Writing Culture -- The Poetics and Politics of Ethnography}",
	year = "1986"
}

@phdthesis{Ganseforth04,
	author = "Elisabeth Ganseforth",
	location = "Oldenburg",
	title = "{Das Fremde und das Eigene. Methoden - Methodologie - Diskurse in der soziologischen Forschung}",
	year = "2004"
}

@phdthesis{Beilschmidt15,
	address = "Bielefeld",
	author = "Theresa Beilschmidt",
	publisher = "transcript",
	title = "{Gelebter Islam Eine empirische Studie zu DITIB-Moscheegemeinden in Deutschland}",
	year = "2016"
}

@article{Yaqin07,
	author = "Amina Yaqin",
	date = "2007-04",
	editor = "Emma Tarlo and Annelies Moors",
	journal = "Fashion Theory: The Journal of Dress, Body \& Culture",
	labeldate = "2007",
	number = "2/3",
	pages = "173--188",
	title = "{Islamic Barbie: The Politics of Gender and Performativity}",
	volume = "11"
}

@article{Abaza07,
	author = "Mona Abaza",
	date = "2007-04",
	editor = "Emma Tarlo and Annelies Moors",
	journal = "Fashion Theory: The Journal of Dress, Body \& Culture",
	labeldate = "2007",
	number = "2/3",
	pages = "281--298",
	title = "{Shifting Landscapes of Fashion in Contemporary Egypt}",
	volume = "11"
}

@article{Schulz07,
	author = "Dorothea E. Schulz",
	date = "2007-04",
	editor = "Emma Tarlo and Annelies Moors",
	journal = "Fashion Theory: The Journal of Dress, Body \& Culture",
	labeldate = "2007",
	number = "2/3",
	pages = "253--280",
	title = "{Competing Sartorial Assertions of Femininity and Muslim Identity in Mali}",
	volume = "11"
}

@article{Osella07,
	author = "Caroline Osella and Filippo Osella",
	date = "2007-04",
	editor = "Emma Tarlo and Annelies Moors",
	journal = "Fashion Theory: The Journal of Dress, Body \& Culture",
	labeldate = "2007",
	number = "2/3",
	pages = "233--252",
	title = "{Muslim Style in South India}",
	volume = "11"
}

@inbook{Geertz93,
	author = "Clifford Geertz",
	booktitle = "{The interpretation of cultures: selected essays}",
	pages = "87--125",
	publisher = "Fontana Press",
	title = "{Religion as a cultural system}",
	year = "1993"
}

@book{Simmel89,
	author = "Georg Simmel",
	location = "Frankfurt am Main",
	pages = "385--416",
	publisher = "Suhrkamp",
	title = "{Der Begriff und die Trag{\"o}die der Kultur. Gesamtausgabe XIV}",
	year = "1989 [1911]"
}

@book{Douglas92,
	author = "Mary Douglas",
	location = "London",
	publisher = "Routledge",
	title = "{Risk and blame: essays in cultural theory}",
	year = "1992"
}

@book{Miller12a,
	author = "Daniel Miller",
	location = "Cambridge",
	publisher = "Polity Press",
	title = "{Consumption and Its Consequences}",
	year = "2012"
}

@book{Latour07,
	author = "Bruno Latour",
	location = "Frankfurt am Main",
	publisher = "Suhrkamp",
	title = "{Ein neue Soziologie f{\"u}r eine neue Gesellschaft}",
	year = "2007"
}

@book{Hebdige79,
	author = "Dick Hebdige",
	location = "York",
	publisher = "Methuen",
	title = "{Subculture, the Meaning of Style}",
	year = "1979"
}

@book{Condra13,
	author = "Jill Condra",
	location = "Santa Barbara",
	publisher = "ABC-CLIO",
	title = "{Encyclopedia of National Dress: Traditional Clothing Around the World [2 Volumes]}",
	year = "2013"
}

@article{Rosales13,
	author = "Vanessa Rosales",
	booktitle = "{Beyond the Veil}",
	date = "2013-05-21",
	journal = "thedailybeast.com",
	labeldate = "2013",
	title = "{The Rise of Hijab Fashion Bloggers}",
	url = "http://www.thedailybeast.com/articles/2013/05/21/the-rise-of-hijab-fashion-bloggers.html",
	urldate = "2014-12-18"
}

@book{Ucar10,
	booktitle = "{Die Rolle der Religion im Integrationsprozess. Die deutsche Islamdebatte}",
	editor = "B{{\"u}}lent Ucar",
	location = "Frankfurt am Main",
	publisher = "Peter Lang",
	series = "{Reihe f{{\"u}}r Osnabr{{\"u}}cker Islamstudien}",
	year = "2010"
}

@article{Poppyhijab,
	author = "Sofia Ahmed",
	date = "2014-11-05",
	journal = "MediaDiversified.org, Blog",
	labeldate = "2014",
	title = "{Why I won{\rq}t be wearing the \enquote{Poppy Hijab}}",
	url = "www.mediadiversified.org/2014/11/05/why-i-wont-be-wearing-the-poppy-hijab/",
	urldate = "2014-12-18"
}

@book{Ha99,
	author = "{Kien Nghi} Ha",
	location = "M{\"u}nster",
	publisher = "Westph{\"a}lisches Dampfboot",
	title = "{Ethnizit{\"a}t und Migration. EINSTIEGE. Grundbegriffe der Sozialphilosophie und Gesellschaftstheorie}",
	year = "1999"
}

@article{Schutze83,
	author = "Fritz Sch{\"u}tze",
	journal = "Neue Praxis",
	number = "3",
	pages = "283--293",
	title = "{Biographieforschung und narratives Interview}",
	url = "http://www.ssoar.info/ssoar/bitstream/handle/document/5314/ssoar-np-1983-3-schutze-biographieforschung_und_narratives_interview.pdf",
	urldate = "2014-12-18",
	volume = "13",
	year = "1983"
}

@book{Strubing14,
	author = "J{\"o}rg Str{\"u}bing",
	location = "T{\"u}bingen",
	publisher = "Springer Verlag",
	title = "{Grounded Theory: zur sozialtheoretischen und epistemologischen Fundierung des Verfahrens der empirisch begr{\"u}ndeten Theoriebildung}",
	year = "2014"
}

@book{Casanova94,
	author = "Jos{\'e} Casanova",
	location = "Chicago",
	publisher = "University of Chicago Press",
	title = "{Public Religions in the Modern World}",
	year = "1994"
}

@article{Emma,
	author = "Chantal Louis",
	date = "2003-01-01",
	journal = "Emma.de",
	labeldate = "2003",
	title = "{Wehrt der Scharia in {\"U}ckendorf!}",
	url = "http://www.emma.de/artikel/wehrt-der-scharia-ueckendorf-263380",
	urldate = "2014-12-18"
}

@article{Mihci94a,
	author = "Ursula Mihciyazgan",
	date = "1994-09",
	journal = "P{\"a}\-dagogik",
	labeldate = "1994",
	pages = "31--34",
	title = "{Geschlechtertrennung im kulturellen Klassenzimmer}",
	url = "www.mihciyazgan.de/downloads/MihciGeschlechtertrennung.pdf",
	urldate = "2014-12-18"
}

@booklet{Schiffauer02,
	author = "Werner Schiffauer",
	date = "2002-11",
	labeldate = "2002",
	location = "Berlin",
	publisher = "Ausl{\"a}nderbeauftragte des Senats",
	title = "{Migration und kulturelle Differenz. Studie f{\"u}r das B{\"u}ro der Ausl{\"a}nderbeauftragten in Berlin}"
}

@article{KeinKopftuchKrankenhaus,
	author = "J{\"o}rg R{\"o}mer",
	date = "2014-09-24",
	journal = "Spiegel Online",
	labeldate = "2014",
	title = "{Muslimische Krankenschwester darf kein Kopftuch tragen}",
	url = "www.spiegel.de/karriere/berufsleben/evangelische-klinik-muslimin-darf-kein-kopftuch-tragen-a-993365.html",
	urldate = "2014-12-18"
}

@book{Kelek05,
	author = "Necla Kelek",
	location = "K{\"o}ln",
	publisher = "Kiepenheuer \& Witsch",
	title = "{Die fremde Braut: Ein Bericht aus dem Inneren des t{\"u}rkischen Lebens in Deutschland}",
	year = "2005"
}

@incollection{Mihci94,
	author = "Ursula Mihciyazgan",
	booktitle = "{Dialog zwischen den Kulturen. Erziehungshistorische und religionsp{\"a}dagogische Gesichtspunkte interkultureller Bildung}",
	editor = "Ingrid Lohmann and Wolfram Wei{\ss}e",
	location = "M{\"u}nster, New York",
	pages = "195--206",
	publisher = "Waxmann Verlag",
	title = "{Die religi{\"o}se Praxis muslimischer Migranten. Ergebnisse einer empirischen Untersuchung in Hamburg}",
	year = "1994"
}

@article{ZMD,
	author = "{Zentralrat der Muslime in Deutschland e.V}",
	journal = "Homepage Zentralrat der Muslime in Deutschland e.V.",
	title = "{Selbstdarstellung}",
	url = "http://zentralrat.de/2594.php",
	urldate = "2014-12-18",
	year = "2005"
}

@book{Pries08,
	author = "Ludger Pries",
	location = "Frankfurt am Main",
	publisher = "Suhrkamp",
	title = "{Die Transnationalisierung der sozialen Welt. Sozialr{\"a}ume jenseits von Nationalgesellschaften}",
	year = "2008"
}

@book{Pennington05,
	author = "Brian Pennington",
	location = "New York",
	publisher = "Oxford University Press",
	title = "{Was Hinduism Invented? Britons, Indians, and the Colonial Construction of Religion}",
	year = "2005"
}

@book{Mahmood05,
	author = "Saba Mahmood",
	location = "Princeton",
	publisher = "Princeton University Press",
	title = "{Politics of Piety: The Islamic Revival and the Feminist Subject}",
	year = "2005"
}

@article{Vogue12,
	author = "N.N.",
	date = "2012-12-10",
	journal = "vogue.de",
	labeldate = "2012",
	title = "{Louis Vuitton \& Yayoi Kusama}",
	url = "http://www.vogue.de/mode/mode-news/kooperation-louis-vuitton-yayoi-kusama",
	urldate = "2014-12-18"
}

@article{Migazin12,
	author = "N.N.",
	date = "2012-10-09",
	journal = "Migazin.de",
	labeldate = "2012",
	title = "{Interview mit Kapucu: Weil auch die Gastarbeiter \enquote{One Way} gekommen sind}",
	url = "http://www.migazin.de/2012/10/09/weil-auch-die-gastarbeiter-one-way-gekommen-sind",
	urldate = "2014-12-18"
}

@article{Hanisch13,
	author = "Chris Hanisch",
	date = "2013-08-13",
	journal = "aboylovesfashion.com, Blog",
	labeldate = "2013",
	title = "{Fatima Halwani Fashionshow at Udo Walz}",
	url = "http://www.aboylovesfashion.com/2013/08/fatima-halwani-fashionshow-at-udo-walz.html",
	urldate = "2014-12-18"
}

@article{Nellis02,
	author = "Cynthia Nellis",
	date = "2002-03-24",
	journal = "Fashion.about.com",
	labeldate = "2002",
	title = "{Memorable Oscar Dresses}",
	url = "http://fashion.about.com/od/celebawardsshows/ig/Memorable-Oscar-Dresses/03_24_2002_020.htm",
	urldate = "2014-12-18"
}

@article{misa00,
	author = "{m}isantrophe.",
	date = "2000-11-01",
	journal = "ilikecatsmorethanpeople",
	keywords = "Quellen",
	labeldate = "2000",
	localfile = "ilikecatsmorethanpeople.blogspot.de/2010/11/hussein-chalayan-burka-1996.html",
	title = "{Hussein Chalayan - Burka (1996)}",
	urldate = "2014-12-18"
}

@book{Habiibalah,
	author = "Shuniyya Ruhama Habiiballah",
	publisher = "Galangpress Group",
	title = "{Jangan lepas jilbabku!: catatan harian seorang waria}",
	year = "2005"
}

@article{Rohlig13,
	author = "Marc R{\"o}hlig",
	date = "2013-12-30",
	journal = "Tagesspiegel.de",
	labeldate = "2013",
	title = "{Die Mipster kommen}",
	url = "http://www.tagesspiegel.de/medien/mit-islam-und-eiscreme-die-mipster-kommen/9268192.html",
	urldate = "2014-12-18"
}

@article{Quoten,
	author = "Yasmin El-Sharif and Stefan Kaiser",
	date = "2012-03-05",
	journal = "Spiegel Online",
	labeldate = "2012",
	title = "{Kampf der Ministerinnen: Drei Frauen, drei Quoten}",
	url = "http://www.spiegel.de/wirtschaft/soziales/kampf-der-ministerinnen-drei-frauen-drei-quoten-a-819371.html",
	urldate = "2014-12-18"
}

@book{Bullock07,
	author = "Katherine Bullock",
	location = "London, Washington",
	publisher = "The International Institute of Islamic Thought",
	title = "{Rethinking Muslim Women and The Veil}",
	year = "2007"
}

@book{Joppke,
	author = "Christian Joppke",
	location = "Cambridge",
	publisher = "Polity Press",
	title = "{Veil. Mirror of Identity}",
	year = "2009"
}

@book{Dugay97a,
	address = "London",
	author = "Paul {Du Gay}",
	publisher = "The Open University",
	title = "{Production of Culture, Cultures of Production}",
	year = "1997"
}

@incollection{Romhild09-2,
	author = "Regina R{\"o}mhild",
	booktitle = "{No integration?! Kulturwissenschaftliche Beitr{\"a}ge zur Integrationsdebatte in Europa}",
	editor = "Sabine Hess and others",
	localfile = "www.linksnet.de/files/pdf/DA285_roemhild.pdf",
	location = "Bielefeld",
	pages = "207--223(50--59)",
	title = "{Aus der Perspektive der Migration: Die Kosmopolitisierung Europas}",
	year = "2009"
}

@inbook{Romhild13,
	author = "Shalini Randeria and Regina R{\"o}mhild",
	booktitle = "{Jenseits des Eurozentrismus}",
	edition = "2.",
	editor = "Sebastian Conrad and Shalini Randeria and Regina R{\"o}mhild",
	location = "Frankfurt am Main",
	pages = "9--31",
	publisher = "Campus",
	title = "{Das Postkoloniale Europa: Einleitung (2013)}",
	year = "2013"
}

@inbook{Conrad02,
	author = "Sebastian Conrad and Shalini Randeria",
	booktitle = "{Jenseits des Eurozentrismus}",
	edition = "2.",
	editor = "Sebastian Conrad and Shalini Randeria and Regina R{\"o}mhild",
	location = "Frankfurt am Main",
	pages = "32--70",
	publisher = "Campus",
	title = "{Einleitung: Geteilte Geschichten (2002)}",
	year = "2013"
}

@inbook{Spielhaus13,
	address = "Wiesbaden",
	author = "Riem Spielhaus",
	booktitle = "{Islam und die deutsche Gesellschaft}",
	editor = "Dirk Halm and Hendrik Meyer",
	pages = "169--194",
	publisher = "Springer Fachmedien Wiesbaden",
	title = "{Vom Migranten zum Muslim und wieder zur{\"u}ck - Die Vermengung von Integrations- und Islamthemen in Medien, Politik und Forschung}",
	year = "2013"
}

@incollection{Coronil02,
	address = "Frankfurt/M.",
	author = "Fernando Coronil",
	booktitle = "{Jenseits des Eurozentrismus}",
	edition = "2.",
	editor = "Sebastian Conrad and Shalini Randeria and Regina R{\"o}mhild",
	pages = "466--505",
	publisher = "Campus",
	title = "{Jenseits des Okzidentalismus: Unterwegs zu nichtimperialen geohistorischen Kategorien}",
	year = "2013 (2002)"
}

@book{Mintz87,
	address = "Frankfurt/M.",
	author = "Sidney W. Mintz",
	publisher = "Campus",
	title = "{Die s{\"u}{\ss}e Macht. Kulturgeschichte des Zuckers.}",
	year = "1987"
}

@incollection{Karakayali05,
	address = "K{\"o}ln",
	author = "Serhat Karakayal{\i} and Vassilis Tsianos",
	booktitle = "{Projekt Migration}",
	editor = "K{\"o}lnischer Kunstverein",
	pages = "416--421",
	publisher = "DuMont-Literatur-und-Kunst-Verag",
	title = "{In dubio pro libertate: Die \enquote*{Figuren der Migration} und die verlorenen Namen der Einwanderer im postfordistischen Allmanya.}",
	year = "2005"
}

@article{diesachemitdemstrand,
	author = "J{\"u}rgen K{\"o}nig",
	date = "2016-08-25",
	journal = "Deutschlandfunk",
	labeldate = "2016",
	title = "{In Frankreich wird das Burkini-Verbot umgesetzt}",
	url = "http://www.deutschlandfunk.de/verschleierung-in-frankreich-wird-das-burkini-verbot.1773.de.html?dram:article_id=363969",
	urldate = "2016-09-09"
}

@inbook{Romhild07a,
	author = "Regina R{\"o}mhild",
	booktitle = "{Turbulente R{\"a}nder. Neue Perspektiven auf Migration an den Grenzen Europas}",
	editor = "Transit Migration Forschungsgruppe and others",
	location = "Bielefeld",
	pages = "211--222",
	publisher = "transcript",
	title = "{Alte Tr{\"a}ume, neue Praktiken: Migration und Kosmopolitismus an den Grenzen Europas}",
	year = "2007"
}

@article{Quasimi10,
	author = "Noor Al-Qasimi",
	issue = "Winter",
	journal = "Journal of Middle East Women's Studies",
	number = "1",
	pages = "46--74",
	title = "{Immodest Modesty: Accommodating Dissent and the 'Abaya-as-Fashion in the Arab Gulf States}",
	volume = "6",
	year = "2010"
}

@incollection{Moors13a,
	address = "London",
	author = "Annelies Moors",
	booktitle = "{Modest Fashion: Styling Bodies, Mediating Faith}",
	editor = "Reina Lewis",
	pages = "17--40",
	publisher = "I.B.Tauris",
	title = "{\enquote{Discover the Beauty of Modesty}: Islamic fashion online}",
	year = "2013"
}

@article{N.N.18,
	author = "N.N.",
	date = "2018-03-16",
	journal = "tageschau.de",
	labeldate = "2018",
	title = "{ Innenminister Seehofer \enquote{Der Islam geh{\"o}rt nicht zu Deutschland}}",
	url = "https://www.tagesschau.de/inland/seehofer-islam-101.html",
	urldate = "2019-04-12"
}

@article{NN16,
	author = "N.N.",
	date = "2016-08-16",
	journal = "bbc.com",
	labeldate = "2016",
	title = "{Muslim women at 'disadvantage' in workplace}",
	url = "https://www.bbc.com/news/uk-37042942",
	urldate = "2016-08-16"
}

@article{Mohdin18,
	author = "Aamna Mohdin",
	date = "2018",
	journal = "Quartz",
	labeldate = "2018-04-04",
	title = "{Religious Muslims in France submit twice as many job applications as Christians to get callbacks2}",
	url = "https://qz.com/1244620/muslims-in-france-are-less-likely-to-get-job-interviews-than-christians-research-says"
}

@article{Vogue,
	author = "Pip Usher",
	date = "2018-11-27",
	journal = "Vogue",
	labeldate = "2018",
	title = "{Modest Fashion: So wurde die Lust an der Verh{\"u}llung zum globalen Mode-Ph{\"a}nomen}",
	url = "https://www.vogue.de/mode/mode-trends/modest-fashion",
	urldate = "2016-08-16"
}

@incollection{Kanitz20a,
	author = "Juliane Kanitz",
	booktitle = "{Cosmopolitism from below ? Immigrant Female Youth as powerful agent of change of European beauty practices and consumption}",
	editor = "Virginie Silhouette-Dercourt and Vincenzo Cicchelli",
	keywords = "Interview",
	location = "Leiden",
	publisher = "Brill",
	title = "{Hijabi Fashion, Migration, and Youth in Germany}",
	year = "Im Erscheinen"
}

@book{Kanitz20b,
	author = "Juliane Kanitz",
	location = "Wiesbaden",
	publisher = "Springer Fachmedien Wiesbaden",
	title = "{Hijab as a calling card}",
	year = "2020 (Im Erscheinen)"
}

@incollection{Mecheril10,
	author = "Annita Kalpaka and Paul Mecheril",
	booktitle = "{Migrationsp{\"a}dagogik}",
	editor = "Paul Mecheril and Annita Kalpaka and Maria Mar do {Castro Varela} and Inci Dirim and Claus Melter",
	location = "Weinheim",
	pages = "77--98",
	publisher = "Beltz",
	title = "{\enquote{Interkulturell}. Von spezifisch kulturalistischen Ans{\"a}tzen zu allgemein reflexiven Perspektiven}",
	year = "2010"
}

@incollection{Holub18,
	author = "Barbara Holub and Paul Rajakovics",
	booktitle = "{Andere Urbanit{\"a}ten. Zur Pluralit{\"a}t des St{\"a}dtischen.}",
	editor = "Brigitta Schmidt-Lauber",
	location = "Wien",
	pages = "135--150",
	publisher = "B{\"o}hlau Verlag",
	title = "{Direkter Urbanismus. Eine neue Methode f{\"u}r urbanes Handeln}",
	year = "2018"
}

@incollection{Eckert18,
	author = "Anna Eckert",
	booktitle = "{Andere Urbanit{\"a}ten. Zur Pluralit{\"a}t des St{\"a}dtischen.}",
	editor = "Brigitta Schmidt-Lauber",
	location = "Wien",
	pages = "119--134",
	publisher = "B{\"o}hlau Verlag",
	title = "{Verortung in der Weltprovinz. Zum Verh{\"a}tnis von Selbstbild und Wohnort.}",
	year = "2018"
}

@incollection{Wolfmayr18,
	author = "Georg Wolfmayr",
	booktitle = "{Andere Urbanit{\"a}ten. Zur Pluralit{\"a}t des St{\"a}dtischen.}",
	editor = "Brigitta Schmidt-Lauber",
	location = "Wien",
	pages = "89--118",
	publisher = "B{\"o}hlau Verlag",
	title = "{Der falsche Ma{\ss}stab. Aushandlungen von Stadtgestalt im Wandel stadtplanerischer Leitbilder}",
	year = "2018"
}

@incollection{Schulz18,
	author = "Evelyn Schulz",
	booktitle = "{Andere Urbanit{\"a}ten. Zur Pluralit{\"a}t des St{\"a}dtischen.}",
	editor = "Brigitta Schmidt-Lauber",
	location = "Wien",
	pages = "89--118",
	publisher = "B{\"o}hlau Verlag",
	title = "{Begegnungsraume in Tokio}",
	year = "2018"
}

@incollection{Kirsten,
	author = "Kirsten R{\"u}ther",
	booktitle = "{Andere Urbanit{\"a}ten. Zur Pluralit{\"a}t des St{\"a}dtischen.}",
	editor = "Brigitta Schmidt-Lauber",
	location = "Wien",
	pages = "89--118",
	publisher = "B{\"o}hlau Verlag",
	title = "{Stadt und Strukturen des Mobilen im (post)kolonialen Afrika}",
	year = "2018"
}

@incollection{Schmidt18,
	author = "Brigitta Schmidt-Lauber",
	booktitle = "{Andere Urbanit{\"a}ten. Zur Pluralit{\"a}t des St{\"a}dtischen.}",
	editor = "Brigitta Schmidt-Lauber",
	location = "Wien",
	pages = "1--30",
	publisher = "B{\"o}hlau Verlag",
	title = "{\enquote{Wir sind nie urban gewesen}. Regionale Stadtforschung jenseits des Metrozentrismus}",
	year = "2018"
}

@incollection{Ege18,
	author = "Moritz Ege",
	booktitle = "{Andere Urbanit{\"a}ten. Zur Pluralit{\"a}t des St{\"a}dtischen.}",
	editor = "Brigitta Schmidt-Lauber",
	location = "Wien",
	pages = "169--192",
	publisher = "B{\"o}hlau Verlag",
	title = "{Urbane Ethiken und das Normative der Urbanit{\"a}t - Ein Diskussionsbeitrag}",
	year = "2018"
}

